2788 4452
52 203 55 210 ⁴
140 225 203 290 1oo
277 279 286 299 .,
345 176 981 324 ¹·„u.rln.oumu1n1lur''

98 391 103 402 “
139 377 274 460 pertinet:
294 379 477 456 nequeenim
496 381 698 441 consummatus
710 382 821 451 orator,
840 373 1310 455 nut'exnuaqueuertpot-eor.
1367 401 1368 424 2

142 470 197 524 est:
218 459 475 542 plurimum'tsmen
495 465 598 524 referre
615 463 750 536 arbitror,
773 481 856 540 quam
876 481 937 524 esre
954 463 985 520 in
998 460 1126 522 hocloco
1137 479 1224 538 quae·
1277 507 1279 513 2

70 555 72 564 ⁴
116 549 265 636 aptiorem
278 548 401 608 velimus.
443 546 517 608 Nam
538 549 562 607 si
574 549 654 627 parti
673 547 798 620 utrilibet
814 547 926 606 omuino
949 547 1063 606 alteram
1084 546 1225 626 detrudas,

86 625 89 633 ’
140 639 241 694 natura
261 633 345 692 etiarn
363 635 423 694 sine
438 633 562 694 doctrina
582 633 696 694 multrun
715 631 839 707 valebit„
853 632 980 692 doctrina
997 631 1073 702 nulla
1091 633 1226 694 esaesine

92 739 98 750 ·
140 705 365 795 naturspoterit
408 719 460 778 Sin
473 719 581 797 expuri
591 721 707 792 noiant,
729 719 759 774 in
773 717 957 777 mediocribus
972 718 1085 794 quidem
1098 717 1226 795 utrisque

140 804 228 863 maim
244 802 335 882 adhuc
350 802 468 863 naturae
486 804 597 864 credun
615 821 676 878 esse
693 807 881 875 momentum
906 807 1112 863 consummatos
1130 809 1226 863 antem·
1262 811 1267 818 ’

139 887 203 969 plus
224 889 367 952 docuere
384 889 503 963 debere,
524 907 607 966 quarn
618 893 751 961 naturae,
772 889 894 966 putabo,
910 889 982 946 sicut
992 894 1101 962 terrae,
1121 887 1223 948 nnllam
1328 922 1332 928 ·

50 1011 55 1017 -
140 973 314 1034 fertilitatem
330 971 462 1048 habenti,
482 973 551 1032 nihil
569 975 691 1052 optimus
713 972 834 1048 egrioola
852 973 1004 1052 prodierit}
1026 974 1222 1034 eterrauberi

140 1058 210 1121 utile
218 1058 337 1136 aliquid,
359 1059 443 1118 etiam
460 1058 536 1117 nullo
555 1057 677 1131 colente,
697 1063 843 1132 nascetur,
863 1058 940 1118 atin'
951 1056 1010 1117 solo
1022 1058 1142 1118 fecundo
1158 1057 1222 1137 plur

58 1191 59 1196 1
115 1143 239 1224 Stultor,
251 1145 335 1220 qnam
346 1143 408 1222 ipss
418 1163 471 1223 per
485 1162 516 1204 se
526 1144 636 1202 bonitas
646 1143 707 1216 soli,
719 1141 830 1202 efficiet
851 1139 940 1217 Εἰμὶ
952 1141 1104 1203 Praxiteles
1114 1143 1225 1218 signum
1270 1203 1274 1214 ,

115 1255 119 1260 -
140 1227 255 1306 'aliquod
272 1247 306 1288 ex
325 1228 531 1306 molarilapide
546 1234 660 1287 conatur
680 1232 756 1288 esset
771 1226 945 1306 exsculpere,
974 1225 1087 1287 Parium
1104 1245 1225 1288 marmor

141 1313 253 1382 mallem
263 1314 353 1386 rudee
369 1319 403 1372 at
413 1313 436 1372 si
449 1312 516 1372 illud
528 1313 604 1373 idem
617 1313 716 1372 artifex
729 1311 890 1391 expulisset,
903 1312 1004 1392 plusin
1015 1313 1142 1372 manibus
1156 1315 1233 1373 fine·

141 1403 200 1472 ret,
222 1415 306 1475 quum
326 1398 356 1456 in
374 1397 519 1459 marmore.
561 1397 692 1476 Denique
705 1403 804 1458 natura
817 1399 950 1473 materia,
971 1412 1015 1456 ars
1027 1398 1154 1457 doctrina
1167 1405 1225 1458 est:

140 1482 210 1543 haec
229 1483 327 1562 fingit,
348 1482 394 1542 illa
405 1485 528 1564 fingItur.
549 1481 627 1544 Nihil
640 1501 685 1541 arr
701 1484 761 1543 sine
773 1483 903 1544 materia:
924 1484 1056 1544 materiae
1067 1483 1225 1544 odansue

141 1569 332 1648 urtepretinm
346 1574 413 1630 cst*
427 1569 491 1628 -Αη
505 1569 741 1630 snmmamateria
754 1567 976 1648 optimamclor.
1150 1598 1162 1622 .=
1251 1583 1257 1588 ·
1367 1643 1368 1648 ἵ

219 1653 288 1714 XX.
313 1653 363 1713 Illa
382 1655 509 1731 quaestio
527 1659 571 1713 cst
588 1655 693 1727 maior,
720 1671 755 1712 ex
773 1653 871 1712 mediis
881 1654 1012 1727 'anthim
1040 1671 1113 1732 quse
1132 1671 1225 1733 neque
1312 1647 1314 1653 ¹
1367 1656 1368 1680 ¹

137 1737 245 1798 lauded
261 1757 314 1816 per
331 1757 379 1812 se,
400 1757 492 1816 neque
506 1739 657 1818 vituperari
671 1743 804 1820 possunt,
826 1738 877 1796 sed
897 1737 978 1818 utiles
997 1743 1047 1798 ant
1064 1735 1158 1813 amru,
1179 1756 1224 1802 rc·

141 1824 260 1884 cundum
279 1823 369 1882 utores
386 1825 540 1896 utentium,
566 1823 651 1896 finnt,
667 1822 808 1882 lrabendn
826 1823 864 1882 sit
880 1823 1031 1896 rhetorice3
1055 1841 1093 1882 sn
1112 1827 1165 1900 sit,
1191 1829 1224 1884 ut
1312 1849 1315 1860 ·
1367 1884 1368 1908 ,

71 1927 76 1932 ·
114 1906 324 1986 2cornplnribus
352 1908 435 1968 etiam
458 1907 684 1988 philosophorum
710 1907 817 1986 placet,
847 1909 944 1968 virtus.
985 1907 1124 1988 Equidem
1145 1909 1282 1985 illudtos
1367 1915 1368 1978 ᾗ

138 1993 218 2072 quod
228 1993 258 2051 in
270 1993 368 2052 studiis
380 1993 500 2054 docendi
513 1992 639 2073 plerique
651 1998 830 2052 exercuerrmt
847 1999 878 2053 et
895 1999 1040 2066 exercem,
1061 2000 1111 2064 snt
1121 1993 1225 2056 audura

136 2077 239 2156 ἀήθη,
261 2095 333 2157 quae
352 2069 474 2159 ἄτεχνίά
492 2077 666 2151 nominatur,
687 2083 756 2156 puto
774 2077 890 2164 (multos
902 2079 975 2138 enirn
987 2079 1089 2153 video,
1107 2080 1225 2142 sineru·

47 2205 51 2211 -
138 2166 234 2240 tione,
255 2164 314 2224 sine
331 2164 432 2240 literis,
461 2182 518 2242 qna
533 2163 579 2224 vel
599 2163 774 2243 impudentia
790 2163 836 2223 rel
853 2165 939 2226 famer
961 2165 1055 2239 duxlt,
1077 2167 1223 2244 mentun

139 2249 299 2311 anteuolans
314 2252 392 2328 quasi
405 2255 504 2323 artent,
520 2267 610 2326 ¹qrrrrnr
625 2248 820 2328 κακοτεχνίαν
834 2249 957 2308 dicimus.
998 2245 1074 2308 Nasu
1092 2256 1123 2330 et
1138 2251 1225 2314 fnisse

139 2335 256 2409 multos,
279 2324 310 2394 et'
329 2354 389 2394 esse
406 2333 707 2409 nonnulloaexistimo,
729 2335 777 2410 qui
789 2328 950 2394 facultatem
963 2334 1073 2394 dicendi
1086 2333 1124 2394 ud
1134 2335 1225 2398 homi·
1255 2357 1258 2362 ·

115 2430 208 2485 snum
224 2418 374 2499 perniciem
393 2419 587 2480 converterint
630 2418 857 2500 Ματαιοτεχνία
875 2438 988 2498 quoque
1011 2426 1054 2480 est
1073 2417 1223 2500 quaedam,
1263 2409 1270 2422 ⁸

209 2577 226 2647 S
241 2576 267 2632 3·
283 2582 382 2628 natura
393 2573 516 2640 aalma,
533 2591 579 2628 ura
588 2571 709 2628 doetrim
718 2571 777 2640 est]
796 2571 842 2626 Sic
855 2571 955 2643 aliquot
966 2569 1071 2642 (Speld.
1085 2589 1135 2628 uon
1148 2573 1223 2640 diris

139 2642 250 2766 fluibus)
268 2641 350 2701 codd.
372 2643 559 2714 praeeuntibus
575 2641 670 2765 stupri
690 2658 739 2712 pro
762 2659 810 2708 eo,
831 2641 900 2718 quod
921 2641 1120 2698 assentientibus
1140 2643 1222 2700 codd

47 2727 51 2734 ’
165 2715 197 2767 R.
215 2717 240 2770 1.
255 2713 281 2766 2.
303 2714 328 2768 6.
348 2719 375 2768 et
390 2714 432 2766 ed.
446 2713 537 2784 (lamp.
554 2713 618 2782 Spel
636 2751 643 2765 .
664 2711 761 2777 edidit,
782 2716 882 2766 unturu
898 2713 1012 2766 materia
1026 2712 1223 2784 doctrinocvcst,

139 2797 197 2835 curn
214 2783 242 2835 in
257 2782 339 2835 Goth.
354 2801 428 2853 quern
447 2783 528 2836 Genu.
549 2782 678 2867 seqnitur,
696 2798 754 2846 arr,
776 2780 802 2834 in
816 2781 893 2834 Beru.
912 2788 1012 2835 nutum
1032 2787 1060 2835 st
1081 2800 1126 2850 urs
1147 2781 1224 2836 dees·

138 2857 194 2916 set,
211 2850 239 2903 in
251 2851 369 2921 plurimis
381 2858 480 2905 ustura
494 2860 631 2917 maenae,
649 2867 693 2906 ars
706 2850 843 2904 dottsiuu'e
860 2858 899 2904 cst
914 2851 1049 2920 legeretur
1060 2851 1109 2904 hac
1118 2857 1225 2915 nutem

86 2933 95 2948 ’
138 2918 192 2972 tias
217 2927 311 2972 nature
331 2919 359 2972 in
379 2921 487 2974 materia
505 2923 635 2988 cernitur3
656 2937 699 2974 urs
714 2919 860 2974 cdoctrine
876 2919 983 2988 petitur.
1019 2919 1073 2976 Sed
1086 2925 1223 2992 postqum

53 3028 60 3034 .
140 2987 230 3056 Quina
242 2992 259 3054 ς
271 2991 297 3042 2.
308 2996 432 3042 marom
445 2995 473 3042 et
484 2991 643 3053 doctrinam,
667 2993 747 3054 turns
760 2991 786 3044 3.
798 2990 938 3044 materiam
950 2993 977 3044 et
985 2997 1077 3043 -urtem
1089 3008 1224 3062 comparu-

139 3061 216 3110 verat
234 3073 286 3110 non
302 3055 400 3125 ipsam,
424 3057 470 3110 scd
482 3055 608 3128 lapidem,
626 3073 752 3122 marmor,
769 3057 910 3122 artificem
934 3076 1003 3111 nunc
1016 3059 1128 3130 denique
1140 3059 1221 3126 addit,

48 3127 52 3134 “
138 3131 269 3193 naturam,
293 3143 368 3195 quarn
385 3123 496 3192 dixerit,
523 3134 650 3196 qnatenus
670 3125 797 3196 fingatur,
822 3125 953 3182 materiam
966 3145 1025 3182 esse
1041 3134 1069 3182 et
1081 3128 1223 3200 appellari3

138 3197 237 3260 autern,
264 3211 330 3265 quse
352 3195 511 3278 appelletur,
536 3196 642 3250 eandem
655 3213 715 3248 esse
729 3211 787 3250 curn
804 3213 850 3262 ea,
875 3213 950 3267 quan
961 3195 1059 3252 dixerit
1069 3197 1222 3266 doctrinata,

106 3285 109 3292 ¹
137 3263 419 3349 aitingensmrtenam
431 3263 572 3336 cogitetur.
605 3265 746 3336 llisigitur
760 3265 991 3320 diotisinartiset
1009 3267 1135 3328 natoriae
1152 3285 1222 3324 ‹ararn-¹
1304 3311 1309 3320 .

137 3342 275 3404 paratione
286 3334 412 3390 subsistit
448 3335 509 3400 Quo
523 3342 639 3390 extremo
652 3334 710 3392 loco
723 3333 766 3400 id,
789 3335 858 3406 quod
873 3335 990 3402 dixerat,
1013 3342 1132 3392 natrrrarn
1145 3335 1223 3394 etisn

63 3457 66 3464 ,
137 3403 195 3458 sine
208 3403 325 3458 doctrina
337 3403 441 3469 valere,
460 3403 602 3460 doctrinam
616 3404 671 3459 sine
681 3409 775 3457 nutura
784 3403 879 3458 nullam
890 3423 963 3472 esse,
986 3403 1020 3458 ad
1035 3409 1117 3460 srtenn
1129 3415 1157 3470 et
1168 3424 1223 3461 ma·

137 3470 229 3526 teriam
249 3475 381 3528 transfert.
417 3473 558 3545 Spalding,
582 3491 638 3527 curn
657 3473 685 3527 in
705 3474 780 3528 Voss.
799 3477 825 3530 3.
847 3479 874 3528 et
889 3473 949 3528 Aldi
973 3475 1015 3528 ed.
1034 3482 1222 3531 eructuatum

25 3569 26 3584 n
137 3541 261 3606 materia,
278 3556 323 3596 ars
339 3545 484 3609 doctrinae,
500 3541 590 3598 maluit
607 3551 721 3598 naturae
732 3545 855 3609 materia,
871 3561 916 3598 ars
927 3545 1061 3599 cornuae
1075 3553 1123 3604 est.
1138 3545 1221 3615 (Cod.

138 3607 227 3662 Ma
238 3627 289 3664 sec.
298 3615 584 3669 murmurmurmur
598 3631 643 3667 ars
656 3615 791 3670 doctrinae
803 3615 856 3683 ert)
869 3612 897 3667 in
910 3631 961 3684 quo
972 3613 1090 3684 equidem
1098 3615 1182 3670 clsras
1193 3619 1222 3669 et

137 3682 224 3733 certas
235 3679 352 3733 notiones
364 3681 493 3738 desidero.
528 3683 591 3736 Non
607 3683 673 3738 enim
688 3691 826 3750 enatura,
843 3683 943 3754 qualern
959 3690 1019 3736 ante
1033 3683 1114 3750 dixit,
1140 3689 1222 3738 ruste-

137 3747 177 3802 ria
193 3745 308 3814 ducitur,
326 3765 409 3820 neque
423 3751 479 3806 eius
494 3767 556 3821 pars
569 3755 623 3817 cst,
632 3751 689 3806 'sed
700 3755 827 3806 mmeriac
840 3753 990 3806 vocabulum
1002 3769 1077 3819 nnnc,
1095 3761 1127 3807 ut

136 3816 189 3883 fit,
206 3833 254 3886 pro
272 3825 385 3872 naturae
402 3821 528 3876 vocabulo
551 3827 703 3892 usurpatur,
722 3829 753 3874 nt
762 3827 811 3892 pro
833 3821 954 3875 doctriua
967 3837 1034 3876 nnnc
1049 3831 1132 3880 astera
1147 3821 1221 3890 (liert,

135 3889 263 3956 quatenus
277 3887 342 3942 haec
359 3887 450 3958 fingit,
472 3890 516 3944 illa
536 3889 652 3958 lingitur.
686 3889 760 3943 Haec
771 3889 853 3958 igitur
867 3890 979 3944 conditio
994 3891 1159 3947 mutationem
1173 3901 1222 3945 uo·=

135 3952 209 4008 minis
226 3955 317 4020 »utrius
337 3975 370 4010 ue
397 3958 554 4028 postulabat.
595 3956 681 4027 Atque
705 3959 748 4012 hic
775 3958 852 4012 etiam
874 3959 937 4013 ordo
958 3961 1142 4016 vocabulorum
1167 3961 1222 4018 ele·

133 4022 240 4090 gantiae
258 4025 356 4096 aliquid
375 4029 458 4081 refert
478 4045 510 4081 ex
528 4025 634 4080 chiarmi
651 4043 715 4092 usn,
735 4044 791 4082 curu
804 4035 903 4082 uotam
915 4033 944 4082 et
958 4029 1080 4084 doctriua
1092 4030 1222 4086 exalter!

134 4097 224 4160 parce,
256 4109 288 4146 ex
306 4094 390 4150 slteru
411 4098 525 4150 materia
547 4099 575 4147 et
594 4111 638 4147 urs
654 4102 827 4166 opponentur.
867 4097 938 4152 Idem
961 4097 1045 4151 vertit
1062 4099 1221 4172 Gedoynusr

133 4157 197 4223 „En
209 4176 243 4214 nn
255 4168 309 4218 mot
321 4161 346 4219 ls
358 4164 461 4220 uaturel
477 4170 518 4218 ert
531 4161 687 4231 lanatiore,
705 4171 733 4220 et
743 4165 769 4222 la
780 4166 883 4220 scienos
899 4171 940 4222 est
952 4165 1042 4258 l'ert‘i
