2788 4452
352 199 378 247 ³
421 223 1020 368 rusuounrounruuu·
1082 225 1115 298 1⁸
1190 217 1271 327 ¹‘u'
1349 239 1351 247 ’

168 417 227 492 his,
257 437 320 478 oum
348 421 449 480 eadem
476 417 585 476 iudiciis
606 416 728 496 pluribus
750 417 862 491 dicunt,
890 423 939 476 aut
960 419 1103 478 fastidium
1125 426 1255 486 morant

167 503 244 564 velut
255 505 352 580 frigidi
367 510 396 564 et
408 503 529 588 repositi
538 502 607 573 cibi3
628 507 677 559 aut
690 503 824 580 pudorem
838 503 1011 581 deprehensa
1023 499 1118 578 toties,
1140 506 1255 566 audien·

167 589 238 650 tium
253 587 404 663 memoria,
426 587 519 646 infelix
532 587 667 665 supellex,
689 604 779 662 quae,
802 589 874 646 sieut
885 589 961 666 apud
977 608 1114 668 pauperes
1127 591 1255 651 ambitio·

6 687 7 690 ’
109 685 233 747 tttsos,
253 673 378 752 pluribus
398 680 428 733 et
446 673 561 731 dirersis
583 671 680 730 officiis
698 678 876 731 conteratur:
899 692 960 730 cum
978 693 1012 731 eo
1028 676 1155 751 quidem,
1178 675 1298 753 quoddil

70 778 75 786 “
167 761 214 819 vix
234 759 304 818 ullus
327 767 370 818 est
389 767 447 817 tam
469 757 619 816 eommunis
638 756 731 829 loeus,
754 758 801 832 qui
821 759 911 834 possit
925 756 1071 818 cohamere
1085 781 1149 820 ¹cum
1162 781 1255 837 caum
1290 823 1293 830 ,

168 846 222 906 uisi
235 843 327 921 aliquo
342 846 472 923 propriae
486 843 658 920 quaestionis
672 841 781 900 unedo
793 842 953 920 eoprrlatus:
975 851 1173 923 appareatque,
1191 867 1255 908 eum
1296 885 1297 892 κ

167 935 294 995 nontam
307 931 458 1001 insertum,
480 946 565 1004 quam
582 925 761 1005 applicitum3
782 927 826 986 vel
838 930 914 1005 quod
931 929 1070 988 dissimilis
1089 936 1133 988 est
1147 935 1254 1007 ceteris,
1262 932 1295 988 31
1312 945 1315 952 ·

75 1025 78 1032 '
167 1015 212 1076 vel
234 1017 311 1091 quod
330 1015 493 1094 plerumque
508 1014 610 1071 assumi
622 1015 706 1072 etiam
718 1031 823 1090 parum
838 1020 905 1092 apte
918 1013 1005 1087 solet,
1027 1017 1165 1093 nunquia
1181 1018 1255 1077 desi·

168 1102 295 1174 deratrrr,
314 1103 365 1159 sed
378 1101 443 1176 quia
454 1104 568 1176 paratus
580 1103 639 1156 est:
660 1103 693 1156 ut
707 1099 819 1174 quidam
838 1100 1038 1158 sententiamm
1053 1102 1144 1177 gmtia
1157 1103 1255 1162 verbo·

168 1184 289 1246 tissimus
308 1185 383 1248 locos
402 1189 559 1256 arcessunt,
588 1202 651 1241 oum
667 1181 781 1246 erloeis
801 1183 903 1242 debeat
922 1185 999 1243 nasei
1020 1189 1168 1246 sententia.
1210 1185 1296 1250 late

47 1261 57 1268 ”
167 1276 232 1331 suut
250 1277 344 1330 autem
361 1273 488 1350 speciosa
511 1267 581 1326 haee
601 1273 631 1327 et
648 1269 742 1341 utilia,
772 1269 795 1326 si
813 1270 939 1328 oriuntur
957 1288 991 1328 ex
1010 1290 1107 1330 causa:
1129 1285 1266 1339 ceterum¹

165 1355 317 1434 quamhiset
329 1353 577 1434 pulchra'loautio,
599 1354 653 1410 uisi
671 1355 863 1412 adulatoriam
884 1355 989 1428 tendit,
1011 1358 1108 1433 utique
1120 1377 1253 1437 superva-

166 1460 233 1513 cua,
255 1443 306 1500 sed
325 1441 437 1500 iuterim
452 1439 537 1498 etiam
555 1439 694 1496 contraria
709 1444 761 1497 est
804 1437 907 1497 Verum
923 1439 1058 1502 hactenus
1077 1443 1189 1520 evagari
1206 1463 1253 1504 sa·

70 1549 77 1562 ·
164 1527 202 1586 tis
215 1527 307 1585 suerit.
1234 1565 1241 1574 -

128 1666 130 1672 s
250 1609 356 1692 Legunt
369 1610 437 1670 laus
445 1614 475 1668 et
485 1610 648 1687 vituperatio
656 1607 719 1667 iam.
725 1607 860 1681 maiores,
882 1625 915 1668 ac
927 1625 1016 1686 prope
1031 1611 1143 1668 summis
1156 1612 1290 1690 operi-33

78 1761 81 1770 Δ
166 1696 217 1756 bus
239 1697 420 1769 suffecturas,
451 1695 524 1753 vires
547 1694 725 1752 desiderant:
761 1711 835 1770 quae
861 1693 988 1771 quidem,
1016 1696 1146 1753 suasoriis
1163 1699 1253 1774 magis

165 1799 202 1843 an
220 1783 416 1841 controversiis
438 1779 647 1838 accommodata
666 1777 704 1837 sit
721 1779 899 1852 exmcilatio,
926 1782 1125 1839 consuetudine
1144 1787 1174 1840 et
1192 1783 1253 1842 iura
1294 1829 1300 1832 -

166 1867 439 1926 eivitatiiundiffert.
482 1865 566 1943 Apud
586 1864 709 1922 Graecos
731 1866 805 1923 enirn
819 1864 892 1923 lator
904 1881 997 1923 earum
1013 1867 1050 1923 ad
1066 1867 1184 1925 iudicem
1201 1887 1252 1925 vo-

146 1952 295 2010 ‘aabaturz
316 1942 450 2012 Romanis
474 1968 527 2030 pro
550 1950 683 2008 concione
702 1950 820 2008 suadere
844 1967 877 2008 ac
902 1951 1063 2010 dissuadere
1089 1954 1173 2015 moris
1190 1953 1250 2014 uit

109 2043 157 2089 ¹⁴⁶
168 2035 297 2114 Utroque
310 2044 402 2096 autem
415 2037 596 2113 modopanea
610 2036 646 2092 de
658 2033 702 2091 his
710 2039 739 2092 et
754 2036 814 2093 fere
827 2041 902 2093 certa
915 2036 1051 2094 ‹licuntrm
1073 2035 1148 2096 Nam
1161 2044 1191 2096 ei
1203 2057 1252 2114 ge·

102 2133 107 2146 '
167 2141 234 2182 uera
252 2124 404 2195 sentiris,
428 2124 516 2193 sacri,
535 2119 653 2196 publici,
672 2122 865 2195 pn'ooiir'nris.
911 2119 992 2186 Quae
1013 2121 1112 2178 divisio
1133 2123 1171 2179 ad
1193 2122 1293 2187 lau-34
1330 2161 1341 2176 .

165 2209 230 2266 dem
244 2208 332 2284 magis
346 2210 471 2282 spectat,
494 2206 517 2262 si
530 2205 591 2283 quis
606 2220 667 2261 eam
679 2221 731 2280 per
742 2204 845 2278 gradus
864 2209 982 2280 augeat,
1006 2207 1082 2281 quod
1096 2203 1153 2281 lea,
1175 2209 1251 2284 quod

51 2356 56 2361 ,
88 2299 92 2307 “
161 2291 288 2371 pallito,
312 2291 394 2367 'quod
414 2289 451 2348 od
468 2288 621 2363 religionen
642 2287 718 2345 deun
740 2294 895 2366 comparato
915 2291 960 2346 sit.
1002 2289 1046 2347 Ea
1063 2293 1191 2368 quidem,
1214 2294 1250 2354 de

9 2391 14 2403 ·
165 2377 265 2454 quibus
280 2377 375 2453 quaeri
388 2373 474 2449 solet,
496 2374 650 2436 eommunia
663 2374 798 2432 omnibus.
842 2374 901 2432 Aut
915 2376 988 2434 enirn
1007 2377 1043 2435 de
1056 2377 1116 2438 inre
1129 2379 1251 2439 dubitari
1258 2389 1292 2443 35
1306 2397 1310 2406 ’

165 2467 259 2542 potest
281 2463 355 2535 eius,
377 2465 425 2538 qai
437 2465 534 2536 rogat,
557 2465 588 2516 ut
605 2459 639 2517 de
653 2457 687 2517 P.
704 2459 809 2533 clodii,
833 2462 880 2538 qui
899 2479 950 2518 raon
968 2455 1019 2518 rite
1040 2469 1145 2522 neotus
1163 2465 1249 2522 tellao

164 2565 216 2606 nus
229 2547 410 2623 orgsaelatnr:
431 2553 479 2605 aut
494 2547 530 2605 de
544 2545 630 2622 ipsius
643 2545 812 2621 rogationis,
833 2545 909 2620 quod
931 2547 1104 2623 estuarium,
1126 2550 1183 2609 sive
1199 2569 1251 2608 non
1287 2539 1296 2552 ³

165 2636 235 2693 inno
247 2635 319 2693 sorte
333 2631 451 2692 nundino
464 2628 657 2712 promulgata,
677 2629 736 2691 sive
751 2650 803 2688 non
816 2629 908 2688 idoneo
922 2630 975 2704 die,
997 2631 1054 2691 sive
1065 2640 1156 2692 tamea
1167 2639 1250 2692 tutn-

166 2884 235 2940 oium
248 2901 322 2938 suun
340 2883 426 2952 eloqui
439 2883 617 2948 mustitanis,
635 2899 686 2954 quo
699 2881 873 2937 infirmitatem
887 2883 1056 2954 vituperaret.
1074 2885 1129 2938 Neo
1141 2901 1202 2939 vero
1213 2914 1250 2927 -
1282 2931 1287 2944 ,
1318 2913 1321 2918 ,

166 2963 288 3012 moveant
298 2947 437 3008 foret'Noo
448 2971 510 3007 aero
522 2955 661 3012 uerendum
675 2961 721 3015 eat,
733 2971 765 3007 ne
777 2962 907 3021 moveant,
924 2954 1070 3008 sententiae
1084 2956 1250 3013 casuarium,

235 3041 308 3108 §aa
325 3041 435 3096 Necesse
446 3040 569 3109 oanan]
586 3041 639 3094 His
652 3039 743 3111 Spald
759 3046 787 3094 et
796 3040 881 3094 Wolff
888 3039 1001 3095 dativum
1016 3059 1074 3095 essa
1088 3041 1186 3108 dieunt,
1204 3042 1250 3112 qui

166 3111 296 3164 referatur
313 3110 346 3172 ad
365 3110 435 3178 ipsos
456 3118 588 3176 oratores,
606 3127 663 3164 curn
681 3117 846 3182 exspectares
864 3110 995 3164 fastidium
1009 3111 1107 3164 moveri
1121 3112 1250 3166 audienti·
1335 3150 1337 3154 -

167 3179 232 3241 bus3
250 3178 293 3246 qui
308 3178 409 3248 quidem
422 3179 503 3232 tacito
516 3177 677 3248 intelligendi
691 3187 766 3244 suut,
784 3187 814 3231 ut
827 3195 876 3248 par
888 3187 946 3245 est,
964 3179 987 3232 ei
999 3179 1040 3232 lais
1051 3179 1191 3236 ablativum
1206 3198 1249 3233 re·

167 3245 221 3300 fers
237 3248 271 3299 ad
283 3249 433 3317 superiora,
452 3250 540 3302 ’onon
560 3257 636 3302 tanto
656 3258 717 3302 anto
734 3250 917 3318 praeparatis,
941 3248 1033 3319 quibus
1058 3249 1250 3318 vulgatissimos

167 3333 259 3369 seusus
270 3325 468 3386 prosequuntur.
501 3317 603 3371 Deinde
617 3320 666 3372 oili
679 3319 800 3372 dicuutur
816 3335 863 3388 pro
876 3320 944 3371 ailoe
960 3326 1128 3386 apparentes.
1154 3317 1250 3371 Nullus

167 3386 235 3440 anim
255 3402 364 3456 uuquam
383 3395 471 3440 orator
489 3386 621 3440 fastidium
639 3387 720 3442 movit
739 3387 804 3452 sibi,
836 3385 884 3439 aad
905 3387 971 3440 aliis.
997 3386 1051 3442 ,Sic
1065 3384 1158 3440 suadet
1172 3386 1249 3440 etiarn
1321 3443 1326 3454 Ι

167 3453 323 3525 interposita
347 3453 567 3510 enunciatio'euaa
587 3458 680 3514 eadem
690 3485 723 3500 -
735 3458 842 3519 dionnt3
869 3473 916 3510 neo
935 3455 1057 3526 prohibat
1073 3472 1129 3526 aeq.
1144 3457 1208 3522 otti,
1223 3465 1250 3511 et

166 3527 293 3595 repellas,
318 3523 386 3580 uude
400 3524 645 3598 locutiasoata'diurn
661 3544 763 3580 ruooero
775 3524 902 3579 translatu
918 3532 967 3576 est.

235 3612 309 3677 §30-
328 3619 459 3680 appareat
494 3611 525 3677 ol
542 3609 683 3678 Postquam
703 3609 793 3677 Spald.
808 3617 898 3662 contra
910 3610 1071 3673 Gestarum,
1096 3609 1141 3678 qui
1160 3610 1250 3664 invitis

167 3677 250 3733 eodo.
273 3680 346 3747 (uam
364 3697 431 3734 uuus
477 3679 539 3732 nali.
561 3680 640 3732 habet
664 3686 795 3747 appareat
812 3687 842 3732 at
860 3679 940 3747 praa)
961 3677 1058 3731 eonion.
1079 3688 1250 3749 apparetque,

166 3746 625 3818 ooaimwtiunmiuterpretatuserat'
637 3751 769 3821 palaneto
783 3737 836 3812 dv,
853 3746 935 3810 adX,
952 3749 978 3812 8,
997 3750 1050 3809 16·⁹
1066 3755 1167 3802 munta
1178 3763 1248 3800 men·
1334 3749 1340 3764 ¹
1385 3758 1388 3766 ·

166 3826 209 3879 ta,
227 3818 339 3872 coniecit
350 3825 481 3888 apponam
494 3819 617 3886 alioprtin.
651 3817 683 3870 Si
696 3824 780 3870 toturn
790 3818 858 3870 huno
873 3816 955 3870 locum
968 3817 1131 3878 consideras,
1152 3831 1248 3868 menum

133 3925 141 3938 .
166 3885 279 3949 nudes,
297 3885 484 3948 Quintilianum
497 3894 675 3955 oppetamque
689 3885 842 3954 scripsisse,
855 3885 928 3956 'quod
949 3887 1076 3956 penderet
1086 3881 1249 3950 essuperiore'

167 3953 277 4008 Necesse
288 3964 335 4022 ost,
352 3971 496 4026 quanquam
509 3973 575 4019 anm,
592 3955 660 4025 quod
672 3955 796 4024 sequiarr,
813 3953 846 4008 ad
860 3958 943 4010 locum
956 3967 1111 4027 commanens
1123 3950 1150 4000 in
1162 3949 1248 4022 'iuter-

165 4021 259 4094 positis
273 4024 359 4078 verbis
374 4043 430 4078 onus
448 4042 478 4077 eo
494 4025 596 4094 paridem
616 4025 684 4093 quod
703 4024 746 4090 (h,
762 4043 786 4078 e.
798 4024 941 4076 addendum
956 4027 996 4074 est
1011 4021 1052 4080 id,
1076 4015 1159 4096 quod)
1175 4031 1247 4136 sopp

165 4091 287 4161 pertinet.
322 4093 363 4146 lta
374 4101 463 4146 noster
475 4109 555 4162 saepe
573 4093 606 4146 ad
621 4091 768 4160 primariam
785 4091 834 4144 looi
851 4095 1006 4143 structuram
1016 4089 1169 4138 revertitur.
1240 4120 1247 4134 .

137 4217 139 4224 ,
166 4167 256 4218 noan
270 4162 303 4217 ad
316 4163 363 4226 IV,
382 4165 407 4228 l,
424 4164 468 4218 62.
485 4161 641 4244 §palingis
654 4159 777 4214 mentiri
786 4159 893 4242 ‘videtur
905 4157 1060 4210 tnsemsnn.
1111 4171 1117 4184 “
