2774 4444
155 207 220 295 sos
438 201 481 266 ιι
509 201 607 266 ιιι.
633 151 998 274 ‘curamur-rou]

156 449 280 508 duribus
292 448 390 505 animis
404 446 581 524 accipientur,
601 445 650 502 illa
662 445 738 503 brevi
752 446 857 523 primae
869 446 1065 524 propositionis
1076 447 1243 513 defensione

41 567 43 574 ,
111 533 268 594 iimollits.
295 531 350 590 -Αι
366 549 428 589 cum
450 531 605 608 quaeritur,
626 529 670 588 An
681 528 793 607 sodon
808 531 866 589 sit?
892 530 936 590 rel
952 529 1041 596 Quale
1049 531 1161 610 suctum
1182 532 1244 592 sit?

156 621 219 679 licet
238 617 331 676 omnia
350 623 448 675 contra
465 633 518 674 nos
534 616 608 689 sint,
636 616 777 692 quomodo
801 623 896 674 tamen
914 617 1019 674 evitare
1039 618 1242 694 expositionem

122 723 126 732 “
156 704 233 764 salva
249 719 349 776 ¹citiusne
365 701 472 760 radone
487 697 657 779 possumus?
681 699 812 760 Narravit
832 697 988 774 accusator,
1009 719 1102 779 neque
1119 703 1174 777 ita,
1196 708 1242 777 ut,

157 807 231 867 qnae
245 791 427 859 assentacta,
448 791 558 845 tautum
573 785 721 857 indideret3
741 785 792 844 sed
811 787 919 844 adiecit
934 743 1081 860 invidiam,
1103 805 1162 846 rem
1177 805 1243 847 rer·

155 873 200 946 bis
217 873 403 951 exasperavit,
425 877 601 930 accesserunt
613 871 809 948 probationes
830 872 972 949 peroratio
985 873 1117 946 incendit,
1139 872 1267 952 etple·
1365 935 1366 938 ,

21 974 23 978 ·
114 959 231 1019 76ιιοε·
223 977 282 1018 rrae
294 957 412 1034 requmt
451 955 604 1034 Exspectat
614 953 775 1015 natmalster
787 957 879 1030 iudex
901 957 970 1033 qmd
981 957 1240 1018 narreturanobrs.
1252 970 1305 1017 aaa
1365 951 1366 954 '

157 1043 268 1105 Sinihil
281 1043 476 1124 exponimus,
480 1041 526 1098 illa
539 1059 616 1113 esse,
639 1059 711 1117 quae
726 1041 994 1116 adversariusdixit,
1022 1047 1053 1100 et
1066 1043 1149 1116 talia,
1170 1061 1243 1120 qua·
1365 1075 1366 1122 p

157 1129 195 1190 lia
213 1128 298 1201 dixit,
319 1127 416 1187 credat
432 1145 546 1186 necesse
566 1130 617 1184 est.
661 1125 739 1193 Quid
755 1124 846 1202 ergo?
873 1127 972 1188 eadem
990 1126 1181 1206 exponemus‘l
1207 1129 1243 1188 Si
1365 1123 1366 1200 1

158 1217 196 1275 de
209 1213 343 1298 qualitate
355 1216 472 1288 agenn
493 1210 568 1268 cuius
582 1216 642 1270 turn
655 1211 767 1270 demum
781 1212 908 1288 quaestio
921 1216 979 1286 est,
1001 1231 1065 1272 cum
1082 1214 1119 1273 de
1131 1232 1162 1273 re
1174 1231 1245 1272 con·
1365 1243 1366 1288 ι

159 1305 231 1372 stat,
251 1299 366 1372 eadem,
388 1297 440 1355 sed
460 1315 518 1355 non
532 1296 631 1356 eodem
648 1295 747 1354 modo:
776 1297 843 1356 alias
864 1317 977 1370 causas,
998 1297 1083 1356 aliam
1105 1299 1244 1358 rationem
1365 1323 1366 1362 ι

115 1385 242 1444 ‘lidabo
283 1383 384 1442 Verbis
398 1381 505 1440 elevare
518 1382 654 1458 quaedam
667 1381 776 1440 licebit:
803 1379 914 1440 imaue
928 1381 1092 1457 111αιιιαιιι,
1121 1386 1245 1443 ecumbe
1365 1395 1366 1400 ’

154 1470 348 1550 parsimoniae,
367 1466 534 1544 negligentia
546 1466 745 1544 duplicitatis
738 1467 850 1526 nomine
861 1459 986 1528 lenietur.
1005 1465 1099 1543 ,Vultu
1112 1469 1244 1546 denique,

158 1575 245 1627 voce,
265 1553 379 1628 habitu,
400 1553 445 1612 vel
459 1553 562 1624 favoris
582 1552 699 1630 aliquid,
720 1553 765 1611 vel
784 1554 969 1612 miserationis
985 1555 1120 1614 merebor.
1164 1553 1245 1614 Solet
1345 1585 1347 1590 ·

49 1669 54 1686 ι
158 1657 356 1716 nonnunquam
379 1657 490 1698 movere
511 1638 633 1698 lacrimas
660 1639 721 1716 ipse
742 1639 884 1698 confessio.
910 1637 1029 1716 ¹Atque
1050 1639 1245 1718 ego'libenter
1365 1679 1366 1690 ι

115 1725 152 1786 78
159 1728 346 1801 interrogauit
368 1724 425 1782 siut
438 1723 484 1780 illa
497 1722 651 1796 defensuri,
672 1739 745 1799 quae
757 1743 814 1780 non
828 1725 1012 1798 nudaverint,
1033 1722 1142 1785 necne?
1165 1724 1245 1784 Nam

1365 231 1366 266 1

70 384 72 390 ’
155 365 211 424 nisi
228 320 298 442 qnod
311 377 339 419 ιε
357 363 467 440 quisque
485 361 568 418 enini
585 349 716 418 ιιοιιὶειιιι
745 359 838 418 omnia
850 359 919 420 haec
934 357 1136 439 qualiacunque
1152 359 1243 442 placi·-

1365 637 1366 714 1

160 1812 290 1887 sineque
303 1808 495 1879 defenderint,
514 1825 606 1882 neque
624 1809 810 1883 namaverint,
832 1815 893 1866 tota
905 1827 988 1868 causa
998 1811 1151 1889 prodetur:
1172 1809 1244 1869 atsi

158 1894 301 1957 defensuri
322 1897 402 1966 snt,
429 1911 586 1972 proponere
606 1897 682 1952 certe
704 1891 867 1970 plerumque
886 1894 932 1967 id,
958 1897 1035 1972 quod
1056 1895 1245 1955 confirmaturi
1365 1939 1366 1948 ι

160 2000 270 2054 sumus,
292 1985 411 2057 oportet
441 1977 500 2036 Cur
513 1997 581 2054 ergo
593 1997 650 2036 ιιοιι
663 1997 842 2056 exponamus,
863 1980 940 2056 quod
952 1989 980 2038 et
993 1979 1059 2038 dilui
1070 1985 1182 2060 potest,
1204 1987 1245 2055 et,

117 2071 153 2126 79
161 2074 194 2127 ut
206 2067 259 2125 hoc
269 2064 423 2140 contingat,
445 2063 541 2138 utique
554 2063 733 2122 indicandum
746 2062 811 2123 est‘l
832 2065 890 2123 Aut
902 2065 970 2142 quid
980 2067 1052 2126 inter
1064 2067 1245 2144 prebuit'onen

161 2158 190 2214 et
207 2153 388 2212 nonnionem
406 2151 536 2222 interest,
558 2149 612 2207 nisi
632 2149 709 2226 qnod
722 2151 845 2209 naratio
864 2155 906 2210 ast
923 2151 1095 2228 probationis
1113 2154 1246 2210 contiuua
1365 2171 1366 2178 ¹

77 2296 81 2304 ,
158 2237 330 2319 propositio,
349 2253 444 2293 rursus
457 2235 586 2313 probatio
599 2235 750 2294 ιιιιιιειὶοιιί
760 2255 914 2312 congruens
925 2235 1120 2296 confirmatiol
1140 2237 1246 2296 Viden·
1365 2263 1366 2270 ι

160 2341 223 2383 mus
237 2340 320 2395 ergo,
342 2339 407 2377 num
422 2319 556 2394 expositio
569 2319 638 2378 haec
657 2320 768 2394 longior
782 2321 893 2380 demum
906 2339 968 2380 esse
982 2322 1097 2394 debeat,
1119 2328 1149 2381 et
1161 2321 1246 2402 paulo

53 2412 57 2416 ’
154 2406 304 2468 verbosior
314 2405 541 2483 praeparatione,
563 2410 593 2462 et
606 2404 770 2479 quibuisdam
783 2407 953 2481 argumentis
973 2405 1159 2482 (argumentis
1172 2407 1245 2480 dico,

161 2510 220 2552 non
230 2487 487 2567 argumentatione)
508 2489 552 2547 cui
575 2493 670 2546 tamen
687 2488 833 2567 plurimum
854 2493 963 2550 confert
978 2493 1110 2569 frequens
1123 2491 1305 2552 affirmntta

161 2579 221 2651 tio,
239 2575 394 2654 Effecturos
407 2593 469 2648 nos,
491 2572 570 2652 quod
573 2572 702 2633 dianus:
730 2593 782 2632 non
793 2577 935 2653 possevin
949 2595 1036 2636 renim
1047 2577 1149 2636 ostendi
1156 2580 1247 2657 prinu

157 2666 339 2742 esposicion:
367 2655 531 2740 capoten,
557 2665 584 2718 et
602 2661 734 2738 opiniones
752 2679 817 2719 mos
836 2661 981 2738 differant,
1009 2668 1035 2722 et
1055 2663 1115 2722 tene
1132 2667 1259 2748 sperem..

120 2749 294 2826 80Deniqde
313 2747 480 2806 narrandum
500 2751 545 2807 est
564 2745 677 2821 utique,
699 2747 834 2823 quidquid
852 2748 947 2822 aliter,
968 2767 1050 2826 quam
1071 2743 1243 2808 ammaum
1365 2751 1366 2756 ’

112 2851 115 2856 ·
162 2835 305 2913 exposuit,
334 2833 440 2909 numani
458 2837 566 2908 potest,
589 2837 638 2889 aut
651 2851 685 2890 eo
704 2833 787 2891 etiam
805 2834 945 2911 prooemia
967 2833 1078 2894 suntin
1096 2834 1139 2892 his
1154 2835 1256 2894 cann'

162 2929 345 2998 supervacua:
368 2933 440 2994 quae
459 2919 527 2992 qnid
545 2917 636 2991 magis
654 2923 757 2993 agam,
786 2935 869 2993 quam
883 2924 916 2976 ut
930 2920 1181 2994 cognitionirerum
1195 2937 1244 2978 ac-

162 3001 407 3063 commodatiorem
422 3001 549 3080 viudicem
575 2999 701 3061 facienti
731 3001 817 3078 Atqui
836 3009 960 3077 constat,
987 3023 1124 3083 nusquam
1149 3023 1245 3064 eorum
1365 3051 1366 3058 ι

74 3119 78 3123 -
163 3105 226 3148 esse
240 3087 373 3146 maiorem
392 3079 486 3158 usum,
509 3105 593 3162 quam
611 3088 660 3146 ubi
680 3089 786 3146 animus
803 3089 899 3146 iudicis
914 3089 951 3147 ab
969 3089 1062 3166 eliqua
1077 3095 1173 3149 contra
1192 3107 1246 3150 nos

122 3175 248 3234 81insite
268 3173 399 3252 opinione
416 3171 568 3242 flectendus
585 3178 637 3230 est
681 3171 874 3232 Corn'ectumles
892 3179 984 3232 antem
1002 3195 1117 3249 causae,
1136 3176 1166 3234 in
1184 3176 1247 3253 qui-

163 3260 217 3320 bus
237 3259 273 3319 de
292 3260 366 3317 facto
387 3257 544 3333 quaeritur,
571 3276 628 3316 nou
647 3263 705 3330 mm
726 3277 811 3337 saepe
830 3258 884 3330 rei,
912 3258 949 3317 de
968 3277 1024 3336 qua
1045 3262 1174 3320 iudicium
1193 3267 1270 3340 aa,

164 3365 249 3424 quam
274 3363 387 3415 eorum,
415 3361 467 3421 per
490 3361 626 3420 quaeres
646 3343 801 3419 colligenda
822 3347 881 3418 est,
911 3345 1109 3421 expositionem
1133 3345 1246 3406 habat.
1365 3347 1366 3384 ³

165 3433 261 3504 Quae,
282 3449 345 3489 cum
359 3433 501 3488 aecusator
515 3429 665 3506 suspiciose
679 3435 787 3503 namet,
808 3447 871 3488 reus
883 3427 978 3488 levare
994 3432 1176 3509 suspicionem
1194 3431 1249 3493 de-

74 3567 83 3586 ,
123 3517 247 3591 Stheni,
269 3515 349 3574 aliter
369 3513 477 3572 abhoc
499 3513 638 3591 atqueab
659 3512 705 3571 illo
726 3516 765 3573 ad
778 3515 896 3573 iudicem
912 3516 1028 3592 perferri
1046 3519 1165 3594 oportet.
1208 3515 1250 3578 At
1365 3511 1366 3524 ¹

166 3603 242 3662 enim
259 3600 397 3693 quaedam
416 3604 581 3674 argumenta
605 3599 687 3660 turba
707 3599 815 3672 vdent,
842 3600 955 3658 diducta
973 3599 1074 3658 leviora
1096 3603 1170 3656 suut.
1213 3599 1249 3661 Id

165 3686 280 3766 quidem
296 3682 357 3742 nori
373 3699 408 3743 eo
426 3685 563 3762 pertinet,
584 3689 617 3743 ut
635 3689 798 3760 quaeram,
819 3684 862 3742 An
878 3679 1062 3742 aeneam?
1098 3683 1149 3742 sed
1169 3683 1247 3750 Quo-

166 3769 242 3832 modo
250 3767 413 3827 nonuncium
425 3769 481 3826 nti
502 3767 577 3828 Nam
590 3775 620 3828 et
629 3787 779 3844 congerere
790 3769 908 3858 plurima
919 3767 1089 3846 expositione
1100 3769 1168 3847 qnid
1180 3789 1248 3852 pro-

144 3857 260 3930 hibet,
280 3875 304 3914 ει
295 3855 348 3912 id
361 3852 428 3911 utile
445 3858 488 3924 est
501 3871 617 3926 musae,
639 3859 668 3912 et
683 3849 866 3931 promittere?
888 3847 940 3911 sed
959 3857 987 3912 et
1008 3851 1134 3915 dividese
1151 3873 1248 3914 narra·

167 3942 288 4014 tionem,
316 3946 346 4000 et
363 3937 542 4034 probationes
560 3935 728 4014 subiungere
746 3938 887 4016 partibus,
907 3941 994 4014 atque
1011 3939 1050 3998 ita
1069 3934 1188 4000 transire
1208 3941 1247 4002 ad

126 3983 336 4101 minuendae
364 4021 438 4082 Nam
452 4021 534 4082 neiis
548 4021 662 4098 quidem
679 4023 797 4096 accedo,
818 4022 867 4100 qui
879 4042 989 4102 semper
1010 4044 1044 4084 eo
1059 4031 1160 4104 putant
1172 4025 1308 4089 ordi-sm
1365 4009 1366 4028 ¹

168 4123 222 4181 ue,
243 4108 541 4187 quoquidactumsit,
563 4109 820 4170 essenarrandurnt
840 4109 893 4170 sed
912 4109 1168 4184 condomare)
1187 4127 1247 4190 qno
