2774 4444
45 209 50 218 ·
99 243 102 253 .
155 177 238 258 142⁸
371 155 375 162 ’
440 189 946 278 mnanournmnmm
1009 199 1013 208 ·

132 350 225 422 ubere
237 345 389 409 ordiamur:
409 350 651 429 ita-incipiendum
672 349 708 434 ab
723 347 773 419 iio,
795 366 868 424 quae
882 347 1058 424 primarum.
1099 345 1244 408 Namnec
1278 409 1288 416 ,

156 441 273 518 pingere
291 437 436 511 quisquam
454 443 504 495 aut
521 437 628 511 fingere
639 435 734 512 coepit
743 452 762 490 a
774 434 909 511 pedibus:
930 452 982 491 uec
993 433 1116 515 denique
1127 451 1173 492 ara
1186 433 1244 492 uita

157 519 359 586 consummatur
370 521 423 594 ibi,
445 509 519 580 unde
531 521 694 580 ordiendum
706 526 758 577 eet
795 518 872 586 Quid
884 517 935 578 bet
944 517 1064 594 uiioqui,
1084 520 1109 576 ri
1122 520 1242 597 epatium

63 629 67 636 ·
156 605 339 685 conponendi
350 606 504 664 orationem
517 606 580 664 stilo
592 625 651 662 non
664 601 769 662 fireriti
789 621 882 662 nonne
898 607 952 660 noa
970 603 1040 662 hacc
1051 605 1162 688 iuvema
1173 623 1243 662 con-

154 691 275 758 suetudo
293 687 455 766 deceperit?
496 691 670 768 inspicienda
679 689 767 764 igitrn
778 689 895 746 materia
908 695 966 763 est,
986 707 1044 766 quo
1057 690 1242 770 praecipimus

42 805 47 812 ·
156 779 270 846 ordine3
289 775 450 848 nubenda,
472 796 528 852 quo
542 777 664 834 dicimus.
1261 845 1267 852 Ι

241 860 279 920 X.
301 860 432 919 Cetcrmn
447 879 529 918 causa
541 861 646 931 ormris,
667 859 765 934 inqua
776 875 842 936 paro
855 856 943 916 attera
955 861 1061 935 agentia
1072 863 1132 931 ert,
1154 858 1244 916 altera

151 949 320 1018 *manuatim
342 951 392 1004 aut
413 946 492 1002 unius
511 946 551 1004 rei
569 944 759 1003 controversia
774 948 899 1015 constat,
926 949 975 1002 eut
993 943 1119 1022 plurium.
1161 943 1243 1002 Haec

156 1031 267 1111 simplex
280 1031 394 1101 dicitur3
416 1029 462 1088 illa
473 1033 623 1088 commeta.
659 1028 922 1088 Unacontrcveraia
933 1035 977 1087 est
985 1047 1034 1106 per
1046 1047 1074 1087 re
1083 1028 1174 1106 frati,
1192 1046 1243 1105 per
1297 1023 1299 1030 ’

83 1133 87 1142 ’
156 1117 336 1178 aeaduiten'i.
376 1113 473 1174 Plures
493 1122 542 1173 aut
561 1113 683 1194 eiusdem
704 1113 829 1188 generis,
849 1120 885 1174 ,ut
897 1115 927 1171 ia
936 1117 1058 1192 pmuaic'r
1074 1113 1242 1191 repetaadir:

150 1210 205 1264 aut
218 1202 335 1274 adversi,
356 1206 389 1258 nt
406 1201 429 1256 ai
450 1201 512 1275 quis
529 1197 760 1274 meriteg‘ir’oimai
773 1203 799 1254 et
812 1198 949 1256 domicilii
964 1205 1112 1258 acuuetur.
1155 1198 1242 1266 Quod

157 1307 231 1347 nnnc
249 1289 277 1344 in
297 1283 413 1362 publicis
426 1284 534 1342 iudiciis
546 1304 602 1342 non
615 1283 730 1356 accidit,
750 1283 879 1364 quoniam
891 1290 1005 1366 praetor
1019 1290 1095 1342 certa
1106 1283 1172 1359 iege
1181 1301 1243 1341 sor·

155 1375 239 1443 titur3
259 1369 414 1448 principum
426 1374 520 1428 autem
540 1375 569 1430 et
586 1373 698 1428 aenaim
711 1367 913 1442 cognitionibus
925 1371 1054 1446 frequent
1067 1375 1126 1441 eat,
1147 1374 1177 1426 et
1189 1387 1244 1446 po-

156 1457 215 1536 puii
227 1456 294 1514 suit:
315 1454 423 1530 privata
443 1474 554 1530 quoque
573 1453 675 1513 iudicia
694 1471 778 1529 saepe
798 1471 882 1510 unum
901 1453 1019 1514 iudicem
1032 1453 1137 1513 babere
1150 1452 1304 1513 molesmo
1371 1499 1372 1510 ,

113 1549 188 1608 ,tet
209 1540 322 1600 divcrds
340 1539 463 1600 formulis
479 1540 579 1598 solent
621 1537 683 1597 Nec
696 1537 767 1596 aliae
786 1537 893 1614 species
904 1544 1001 1610 eruut,
1018 1539 1129 1597 etiamsi
1138 1559 1211 1604 unns
1223 1557 1243 1596 a

157 1627 266 1685 duobus
280 1625 413 1683 duntaxat
424 1625 541 1683 eundem
557 1635 630 1697 rem,
652 1628 739 1698 atque
752 1640 788 1680 ex
799 1622 897 1680 eaden
909 1641 991 1680 causa
1002 1627 1099 1702 petet3
1119 1629 1170 1686 aut
1184 1624 1242 1682 duo

156 1712 193 1770 ab
210 1731 280 1782 un03
301 1714 351 1766 aut
368 1708 461 1787 plures
480 1727 497 1766 a
516 1709 656 1787 pluribus;
676 1707 754 1783 quod
771 1707 897 1766 accidere
914 1708 944 1765 in
958 1707 1132 1768 hermbtariia
1142 1709 1242 1768 ⁴litibus

67 1811 70 1818 ·
156 1797 269 1854 interim
280 1795 397 1852 ecimusz-
416 1793 497 1868 quia,
520 1794 643 1868 quamvis
664 1792 693 1848 in
711 1789 806 1848 multis
824 1793 965 1869 personis,
986 1812 1070 1864 cauea
1079 1799 1175 1853 tumen
1186 1813 1242 1853 nna

82 1869 86 1874 ’
157 1886 218 1952 eat,
239 1877 330 1937 nisisi
343 1876 465 1937 conditio
478 1897 656 1954 personarum
669 1877 846 1953 quaestiones
858 1878 1012 1937 vafiaverit.

132 1967 151 2022 3
240 1961 387 2024 Diversum
404 1961 446 2020 his
465 1964 577 2021 tertium
591 1959 696 2040 genus,
717 1961 794 2038 quod
808 1963 909 2020 dicium
921 1967 1145 2041 comparaticium:
1166 1964 1242 2022 mim

152 2049 197 2110 rei
212 2053 352 2108 emmim
365 2048 393 2104 in
413 2051 493 2124 parte
509 2067 608 2108 causae
627 2049 757 2123 frequens
771 2053 827 2104 est:
850 2054 881 2106 ut
896 2068 956 2106 mnu
968 2051 1044 2127 opud
1058 2051 1242 2108 centumviros

155 2140 222 2214 post
235 2132 293 2192 ulia
313 2133 454 2208 quaeritur
472 2139 502 2192 et
519 2133 587 2208 hoc,
618 2131 684 2190 Uter
698 2131 806 2206 digm'ar
817 2125 963 2192 deraditrite
973 2134 1031 2192 riti
1073 2133 1180 2192 Rarum
1198 2140 1241 2198 eat

155 2218 265 2290 antem,
285 2223 318 2278 ut
336 2217 365 2274 iu
383 2219 445 2274 foro
458 2217 558 2276 iudicia
573 2226 689 2296 propter
698 2217 731 2278 id
742 2215 831 2274 solum
846 2219 1066 2288 constituantur:
1086 2220 1157 2278 aient
1168 2201 1241 2298 diui-

156 2305 290 2374 madianea,
304 2319 376 2376 quoe
388 2301 459 2358 fiunt
472 2303 509 2360 de
520 2310 680 2360 accusatore
694 2302 903 2375 constituenda,
917 2310 947 2362 et
959 2322 1156 2380 nonnunquam
1168 2305 1243 2366 inte·

131 2387 310 2456 ddelatoreo,
341 2381 406 2441 Uter
429 2389 578 2460 praemium
603 2386 749 2444 mercerii?
790 2383 961 2447 Adiecerrmt
974 2389 1100 2466 ,quidam
1126 2407 1241 2448 numero

76 2503 79 2508 ·
156 2477 276 2531 uacuam
293 2471 502 2542 accusationem,
530 2489 603 2546 quae
624 2463 856 2549 α’ντικατηγορία
880 2480 1008 2534 vocatur:
1036 2472 1095 2532 aiiio
1114 2473 1241 2532 videlicet

155 2555 302 2616 succedere
314 2553 507 2630 huncquoque
519 2556 707 2632 comparativo
721 2557 817 2632 generi
830 2559 1063 2630 existimantibus,
1085 2559 1127 2616 cui
1147 2558 1241 2618 similia

155 2643 212 2702 erit
222 2640 386 2720 petitionum
399 2639 514 2700 invicem
522 2641 712 2701 diversarum:
733 2642 810 2719 qrrod
827 2644 928 2702 eccidit
947 2643 990 2703 vei
1009 2644 1239 2720 frequentissime
1304 2689 1309 2696 .

155 2860 299 2915 condixit
337 2859 492 2940 Quanquam
512 2877 562 2913 non
588 2863 676 2930 potest
696 2877 747 2914 non
768 2859 802 2914 ad
824 2860 907 2932 iprum
928 2863 1055 2915 oratorem
1080 2860 1188 2927 reterri,
1211 2868 1241 2916 ut

131 2964 136 2976 ·
156 2939 265 3000 propter
277 2929 411 2982 ordiamur
422 2928 488 2980 idem
497 2928 542 2994 ait,
559 2931 629 2998 quod
642 2933 732 2999 cuipare
744 2940 868 2986 austrum.
905 2932 982 2994 Quod
996 2933 1073 2984 ctiam
1087 2933 1169 2984 minua
1183 2931 1240 3002 pla·

125 3035 129 3042 -
156 3004 215 3061 cet,
231 3014 305 3066 quam
319 2997 416 3064 siquid
430 3015 528 3066 quoprm
545 3000 581 3051 rit
594 3016 658 3067 apae
674 2999 855 3070 interpreteris
873 3001 909 3052 ed
924 3002 987 3068 qaid
1003 3019 1104 3070 punam
1117 3018 1160 3064 rc,
1176 3001 1202 3052 b.
1216 3017 1240 3054 e.

156 3067 267 3120 collatae
285 3064 409 3117 materiae
432 3076 520 3133 parte,
538 3069 573 3119 rit
591 3086 663 3136 opor.
697 3069 741 3122 ita
759 3087 812 3123 uon
831 3068 894 3122 iliud
916 3071 1004 3133 decet,
1029 3079 1059 3122 ut
1080 3070 1108 3122 in
1124 3069 1240 3125 ordinem

156 3133 282 3205 quendam
304 3135 439 3201 redigetur
457 3134 551 3187 coliata
569 3138 692 3201 noterio,
711 3145 742 3190 ut
763 3145 876 3202 coartet,
895 3138 965 3207 quid
976 3138 1083 3207 primum
1100 3138 1152 3206 ait,
1177 3137 1240 3208 quid

156 3206 190 3258 ab
206 3205 254 3258 hoc
267 3201 413 3274 proximum.
437 3201 468 3255 Id
482 3202 549 3256 enim
559 3206 647 3258 rtatim
658 3207 748 3270 Quint.
762 3207 858 3259 iactum
872 3207 905 3259 ab
919 3215 1023 3261 oratore
1036 3207 1166 3273 inteiligit,
1183 3225 1239 3260 cum

157 3270 222 3327 dicit
236 3275 278 3326 ita
297 3271 469 3342 incipiendum
485 3275 517 3325 ab
530 3275 578 3358 iio,
596 3293 662 3341 quac
673 3277 761 3358 prima
773 3285 840 3328 mat.
875 3276 959 3330 Recta
976 3295 1041 3330 vero
1052 3277 1143 3348 spata
1163 3275 1240 3330 eiecit

156 3349 381 3480 timidi&
406 3341 1249 3486 ermautumenturretrudu-

156 3480 267 3598 pricrem
287 3477 441 3532 locutionem
462 3489 549 3548 aptum
575 3489 659 3545 eoam,
687 3481 711 3533 ai
731 3482 863 3552 legeretur
883 3486 998 3550 consen-i
1018 3487 1132 3538 materia
1149 3485 1238 3538 omnir.

177 3548 187 3598 i
200 3550 273 3600 dccet
286 3565 341 3600 cnm
356 3547 447 3617 Spaid.
464 3567 511 3616 pro
526 3552 600 3603 debet
614 3551 709 3620 iegitur
728 3551 830 3618 (invitis
843 3553 946 3623 quidem
959 3553 1043 3607 codd.
1064 3561 1093 3607 et
1111 3553 1170 3624 ipra
1185 3554 1240 3606 Ba·
1269 3605 1275 3615 ,
1371 3591 1372 3608 r

156 3615 216 3679 dio,
233 3634 309 3687 quem
323 3619 368 3686 Sp.
388 3617 414 3668 in
426 3617 533 3687 reliquia
550 3620 637 3672 verbio
657 3621 787 3690 requitur)
808 3621 834 3674 id
850 3623 932 3676 minua
949 3622 1070 3676 convenit
1080 3625 1162 3676 verbo
1170 3639 1239 3676 eoa·

155 3691 241 3748 ctare,
259 3703 333 3755 quam
347 3685 427 3754 priori
443 3691 570 3754 coascrrir
587 3690 677 3752 Quare
692 3690 861 3749 anacoluthon
875 3692 956 3747 terina
975 3690 1104 3762 quoddam
1121 3699 1240 3745 mamen-

80 3754 84 3763 '
155 3751 217 3806 dum
231 3759 284 3816 est,
303 3763 333 3807 ut
344 3756 449 3808 verbum
463 3758 538 3810 debet
552 3757 580 3810 vi
597 3775 643 3811 rna
656 3760 743 3827 potina
759 3765 786 3812 et
798 3761 942 3825 tentantia,
960 3779 1036 3830 quam
1048 3760 1240 3814 constructione

154 3822 336 3878 remotioribua
350 3825 437 3876 verbio
451 3828 565 3890 cmrfmi
574 3830 712 3880 materiam
725 3847 822 3880 omnem
840 3840 1038 3883 consentaneum
1052 3830 1094 3884 rit.
1117 3829 1162 3884 Sic
1173 3828 1239 3883 enim

150 3891 278 3946 cermonir
290 3899 383 3946 natura
395 3894 462 3956 fert,
481 3899 525 3958 ut,
542 3895 565 3944 ri
581 3896 682 3962 quando
699 3913 751 3948 una
768 3898 864 3950 locutio
881 3901 981 3952 duabus
999 3899 1171 3954 locutionibua
1187 3915 1239 3952 nou

205 3963 254 4014 iter
269 3961 420 4024 conveniat,
438 3960 471 4011 od
486 3962 624 4028 proximam
637 3964 672 4015 ait
683 3967 906 4021 accommodatior.
942 3969 1058 4038 Zeugma
1071 3968 1134 4021 iilud
1146 3967 1238 4094 ’iiidd

1203 4053 1219 4090 u

182 4046 251 4092 rem,
269 4031 291 4082 ri
310 4045 359 4082 nou
377 4028 550 4091 constructio,
571 4031 617 4084 red
636 4041 736 4088 tuntum
756 4034 827 4088 notio
848 4037 992 4110 aupariorir
1010 4037 1147 4092 locutioni·

156 4099 277 4162 verbum,-
294 4115 369 4168 quum
384 4099 473 4163 dcbct,
492 4107 663 4168 exspectaret.
