2738 4442
66 80 75 104 ”
123 87 201 192 '222
298 144 301 152 ·
414 109 934 215 autumnitanorum
1071 95 1074 104 “

36 277 43 298 “
137 278 292 352 cntiuutru,
312 291 350 331 an
363 288 430 330 rere
439 269 510 340 sint3
529 273 579 326 aut
580 259 728 346 finitione,
747 284 785 326 an
799 265 929 344 propria3
949 265 1163 346 autquolr‘tat'e,
1187 281 1232 324 an
1356 341 1357 348 ἵ

115 353 300 430 inhonesta,
321 357 432 432 iniqua,
454 354 596 431 improba,
618 353 782 425 inhumana,
801 351 938 422 crudelia,
967 356 998 410 et
1017 358 1124 424 cetera,
1152 371 1231 429 qnae
1243 361 1306 406 46⁵
1356 355 1357 358 ’

98 461 133 515 20
141 450 167 509 ei
182 444 278 524 generi
289 442 423 501 accidunt
458 438 559 514 anue
572 457 630 496 non
642 438 727 502 modo
738 439 767 494 in
779 436 1033 514 propositionibus,
1058 438 1109 497 sed
1122 439 1152 495 in
1164 443 1232 496 toto

141 549 244 611 genere
257 523 391 598 actionis,
412 525 563 596 inurenda,
584 523 630 595 An
643 525 680 582 sit
693 521 836 600 crudelisi.
847 529 880 580 ut
892 520 1011 580 Labieni
1030 523 1059 580 in
1073 522 1232 596 Rabirium,

140 619 204 694 lege
221 611 429 693 perduellionis3
458 608 635 668 166666662-
656 615 687 668 ut
701 607 859 668 Tuberonis
878 605 1023 682 Ligarirnn
1040 607 1163 668 exsulem
1182 627 1233 666 ac-
1249 631 1253 636 ¹

141 701 279 770 cusantis,
300 703 387 774 atque
407 696 437 754 id
455 695 584 771 agentis,
604 715 641 754 ne
661 694 687 753 ei
700 694 807 752 Caesar
824 693 969 772 ignosoat3
992 691 1133 771 Superbo?
1152 694 1235 752 utin

88 787 131 858 '21
143 777 267 864 Oppium
281 801 315 842 ex
327 781 445 860 epistola
458 781 560 838 Cottae
577 799 657 840 reum
674 775 786 838 samana.
827 777 952 836 Proinde
963 781 1139 858 praecipites,
1161 780 1233 837 insi-
1356 785 1357 860 }

57 869 59 876 ’
142 872 246 944 diosas,
267 871 419 945 impotentes
439 865 694 944 deprehenduntur.
736 863 779 921 Ex
798 861 897 938 quibus
912 867 1006 922 tamen
1020 864 1167 922 fortissimo
1187 865 1243 921 in-,
1274 897 1281 902 -
1324 937 1327 948 ·

31 1010 35 1020 .
83 964 97 984 ““
140 956 260 1026 raseris,
282 953 361 1030 quod
375 957 480 1010 estant
492 951 618 1010 omnibns
631 948 831 1028 periculosum,
850 953 882 1004 nt
896 941 964 1006 dicit
976 948 1073 1008 Cicero
1093 969 1144 1029 pro
1160 947 1233 1006 Tul·
1356 981 1357 990 κ

141 1043 195 1116 lio,
218 1040 289 1106 Quis
301 1037 349 1096 boc
361 1041 459 1095 statuit
472 1055 606 1113 unquam,
628 1040 678 1092 out
697 1036 743 1092 cni
760 1031 867 1090 concedi
882 1035 938 1091 sine
949 1052 1048 1091 mmmo
1059 1036 1172 1092 omnium
1182 1037 1234 1111 pe-

140 1125 226 1189 riculo
237 1129 342 1202 potest,
363 1128 395 1180 ut
418 1141 475 1180 euin
493 1123 687 1199 iurepotuerit
706 1118 837 1190 occidue,
864 1138 882 1177 o
903 1137 955 1196 quo
973 1119 1234 1192 meruisse-sedarat,

27 1219 29 1229 '
126 1210 175 1272 'ne
186 1214 244 1288 ipse
250 1211 382 1286 posterius
395 1205 575 1265 occideretur?
597 1212 645 1266 aut
657 1206 724 1284 ipsis
739 1205 888 1275 liminibus,
911 1210 943 1264 ut
957 1225 1008 1282 pro
1024 1205 1119 1283 Oppio
1138 1211 1236 1264 monet

102 1309 137 1362 22
146 1295 286 1376 pluribus,
308 1311 340 1351 ne
350 1291 420 1350 iilud
432 1295 546 1350 nationis
556 1311 641 1368 genus
653 1283 684 1350 'in
697 1295 839 1370 equestrem
851 1289 965 1348 ordinem
975 1289 1130 1359 admittant.
1152 1289 1235 1350 Nou-

144 1368 289 1455 nunquam
308 1383 403 1444 tamen
422 1378 561 1454 quaedam
575 1379 649 1438 bene
661 1383 691 1448 et
702 1381 929 1446 contemnuntur,
948 1372 992 1434 vel
1006 1378 1141 1452 tanquam
1153 1375 1236 1448 levia,
1356 1423 1357 1426 ,

140 1465 186 1526 rel
204 1471 338 1540 tanquam
352 1463 390 1521 ad
403 1482 513 1522 causam
527 1462 594 1521 nibil
606 1462 783 1542 pertinentia.
824 1457 922 1524 Multis
939 1459 992 1518 hoc
1011 1458 1079 1519 locis
1098 1462 1165 1519 sarit
1185 1460 1236 1518 Ci-
1356 1458 1357 1476 ¹

144 1570 219 1610 cero.
264 1548 323 1606 Sed
343 1548 412 1607 baec
433 1547 572 1606 simulatio
592 1548 703 1608 iuterim
722 1546 868 1620 bucusque
877 1546 1016 1622 procedit,
1038 1552 1085 1619 ut,
1106 1565 1179 1624 quae
1192 1547 1250 1606 di:

26 1677 29 1684 ·
146 1635 235 1696 sendo
250 1635 374 1692 retirtare
386 1651 445 1690 non
455 1653 617 1711 possumus,
640 1633 719 1710 qnasi
734 1630 902 1690 fastidiendo
916 1630 1060 1690 calcemus.

106 1725 144 1781 2³
172 1734 175 1740 ’
231 1719 372 1787 Quoniam
386 1735 452 1776 vero
470 1719 589 1776 maxima
602 1738 667 1796 pars
680 1737 775 1776 eorrun
788 1715 919 1774 similibus
934 1722 1057 1790 constat,
1080 1716 1237 1775 rimandum

149 1890 183 1951 ld
196 1889 224 1946 in
238 1890 296 1945 iura
309 1885 389 1945 facile
405 1886 627 1965 deprehenditur.
641 1887 694 1945 Est
706 1887 778 1946 enirn
790 1887 922 1964 scripturn
936 1887 973 1946 de
987 1889 1070 1947 rebus
1083 1888 1180 1964 utique
1192 1887 1237 1944 di-

149 1972 386 2048 vetustumque
396 1973 485 2048 magis
498 1973 619 2052 ipsarum
633 1992 725 2031 renam
737 1972 896 2032 differentia
909 1979 1071 2049 potestesse
1077 1973 1236 2031 manifesta.
1247 1982 1300 2029 466

138 2059 215 2118 ιΙΙΙ6ε
228 2077 294 2118 vero
308 2057 510 2129 similitudines,
532 2078 604 2134 qnae
616 2059 755 2117 ducuntur
775 2077 810 2116 ex
825 2058 907 2114 mutis
918 2057 1096 2131 animalibus,
1113 2063 1165 2116 'aut
1177 2059 1236 2116 ina·

20 2161 24 2169 ’
110 2144 249 2216 minimis,
271 2141 351 2202 facile
368 2149 411 2202 est
422 2143 542 2203 eludere.
585 2143 722 2220 Exempla
741 2162 833 2202 rerum
853 2142 928 2201 varie
946 2145 1091 2202 basianda
1110 2149 1190 2213 sunt,
1212 2143 1237 2201 si

123 2243 126 2246 “
151 2229 307 2300 nocebunt,
330 2246 403 2304 quae
424 2229 447 2286 si
465 2232 561 2287 vetera
580 2233 676 2300 erunt,
697 2227 824 2286 tabidosa
836 2227 929 2286 dicere
944 2226 1052 2288 lioebit:
1073 2230 1096 2287 si
1114 2227 1237 2301 indubia,

47 2303 65 2350 ⁸·
135 2313 270 2394 ‚maxime
293 2311 407 2388 quidem
427 2309 576 2372 dissimilia.
618 2312 721 2390 Neque
739 2314 819 2372 enim-
835 2313 894 2372 fieri
911 2317 1020 2390 polest,
1041 2313 1162 2396 ntparia
1182 2315 1238 2372 siut
1265 2338 1271 2348 ⁸

153 2397 260 2460 omnia:
282 2403 328 2469 ut,
350 2398 382 2454 si<
394 2393 501 2455 Nasiea'
519 2405 585 2476 post
607 2399 725 2456 drusum
745 2397 900 2456 Gracchum
924 2397 1097 2464 defendatur
1111 2399 1236 2477 exernplo

152 2480 275 2554 Ahalae,
295 2500 313 2538 a
331 2499 387 2556 quo
405 2479 522 2540 Maelius
544 2487 587 2542 est
604 2477 774 2542 interiectus:
803 2481 938 2542 Maelium
959 2488 1039 2559 regni
1054 2485 1237 2561 affectatorem

128 2619 132 2637 ,
148 2567 253 2646 sairam
273 2587 299 2625 o¹
313 2566 436 2625 Graccbo
451 2566 522 2643 leger
541 2567 617 2627 modo
629 2567 702 2626 lutus
712 2588 765 2627 esse
773 2568 930 2647 populares:
951 2568 1068 2628 Abolum
1079 2574 1237 2648 mngr'strrrm

146 2650 383 2730 'equitumsuisru
405 2649 536 2722 Noricum
546 2657 683 2730 pn'oatum
696 2673 763 2728 esse,
784 2654 902 2712 dicatur.
922 2653 954 2710 st
970 2655 1123 2714 defecerint
1135 2657 1236 2727 omnia,

153 2745 214 2796 tum
226 2737 375 2795 videndum
386 2738 456 2809 erib,
477 2758 514 2798 an
529 2739 649 2798 obtineri
659 2739 761 2816 possit,
782 2746 818 2798 ne
830 2738 897 2797 illud
911 2739 1023 2816 quidem
1037 2750 1114 2801 recte
1123 2743 1235 2801 sactmn.

156 2821 242 2890 Quod
255 2823 292 2880 de
306 2819 454 2899 exemplis,
474 2824 549 2884 idem
562 2825 646 2882 etiam
659 2822 692 2883 de
701 2823 830 2882 iudicatis
844 2825 1054 2885 observandum.
1356 2861 1357 2876 1

86 2923 90 2940 ¹
115 2908 151 2964 25
242 2907 326 2975 Quod
339 2914 431 2966 autem
446 2911 543 2987 posu,
563 2911 682 2981 reterre,
705 2929 756 2987 quo
772 2899 893 2985 quidque
913 2921 1056 2970 accusator
1072 2909 1148 2970 modo
1159 2911 1237 2972 dixe-
1282 2899 1285 2906 ¹
1356 2893 1357 2918 ¹

157 2991 207 3063 rit,
233 2989 288 3048 buc
305 2991 439 3075 pertinet,
467 2999 515 3065 ut,
543 2994 567 3052 si
586 3000 631 3053 est
649 2995 740 3053 minus
761 2993 909 3053 efficaciter
929 2993 1067 3068 elocutus,
1094 2995 1156 3076 ipsa
1176 2997 1236 3058 eiu

155 3074 240 3134 ruba
257 3080 419 3154 ponantur,
434 3076 459 3134 si
478 3078 534 3136 aeri
555 3083 585 3137 et
603 3077 761 3140 vehementi
778 3079 860 3137 fuerit
879 3099 948 3138 usus
958 3083 1096 3154 oratioue,
1119 3081 1237 3142 eandem

68 3157 71 3164 ’
157 3179 217 3219 rem
242 3159 341 3218 nostris
367 3160 459 3219 verbis
484 3163 635 3222 mitioribus
657 3167 843 3242 proferamus:
871 3172 903 3223 ut
920 3165 1019 3224 Cicero
1038 3168 1075 3227 de
1096 3167 1237 3241 Cornelio,

115 3246 149 3302 26
160 3243 278 3304 codicem
296 3247 408 3322 attigit:
430 3252 459 3306 et
469 3250 597 3325 protinus
610 3269 672 3308 curn
686 3249 806 3326 quadam
818 3250 996 3308 defensione:
1018 3258 1065 3326 nt,
1087 3252 1110 3312 si
1125 3271 1176 3331 pro
1191 3253 1236 3312 lu·
1356 3295 1357 3308 r

156 3332 265 3390 maimo
282 3328 427 3390 dicandum
449 3333 500 3405 sit,
524 3334 635 3392 Obiecta
655 3340 695 3392 est
707 3333 792 3412 paulo
810 3334 944 3393 liberalior
962 3337 1031 3395 aito.
1074 3337 1122 3398 Sic
1141 3343 1171 3396 et
1183 3357 1236 3416 pro

77 3407 83 3420 ’
115 3415 149 3471 27
157 3413 264 3474 sordido
268 3433 396 3492 porcum,
418 3436 470 3496 pro
482 3419 611 3477 maledico
623 3419 731 3478 liberum
744 3421 837 3480 dicere
852 3421 950 3480 licebit
993 3421 1099 3501 Utique
1111 3423 1235 3481 commit·
1246 3431 1296 3478 tot

73 3562 76 3570 ,
156 3502 272 3560 tendum
290 3519 430 3576 nunquam
449 3508 503 3576 est,
526 3511 558 3563 nt
571 3505 789 3565 mlversadomm
801 3506 877 3563 dicta
892 3526 953 3564 curu
966 3525 1017 3566 sua
1030 3508 1237 3568 confirmatione

156 3587 322 3657 referamus,
344 3591 391 3644 aut
411 3588 496 3648 etiarn
513 3587 565 3648 loci
587 3589 698 3648 alienius
718 3592 893 3651 exsecutione
911 3593 1086 3668 adiuvemus,
1108 3591 1160 3650 nisi
1174 3612 1235 3651 curn

156 3667 307 3728 eludenda:
328 3669 408 3749 Apud
417 3677 561 3735 exeritum
575 3674 642 3734 nats
649 3675 757 3754 suerri,
779 3679 882 3754 inquit,
899 3681 945 3736 tot
959 3687 1063 3748 annosi
1071 3679 1237 3758 sorum-non
1356 3671 1357 3727 i

222 3873 298 3936 §aa
322 3875 401 3943 Apud
421 3877 560 3930 coercitum
580 3877 645 3930 mibi
656 3880 756 3944 fucris,
783 3879 884 3949 inquit,
907 3887 948 3934 ror
975 3881 1076 3947 annos}
1105 3861 1162 3934 Cic.
1186 3897 1235 3950 pro

128 3991 131 3996 ,
152 3935 300 3994 Murenae.
314 3944 340 3997 9.
354 3943 464 3996 omnium
479 3944 601 3998 librorum
617 3961 743 4000 consensu
762 3947 887 4016 scriptum
905 3957 946 4003 est
958 3957 998 4004 tot
1013 3950 1115 4004 unum?
1126 3954 1236 4016 sonare

152 4003 220 4061 bunc
232 4010 420 4094 amusatirnnr.
437 4012 465 4066 in
487 4029 536 4068 uno
550 4013 673 4070 Gothauo
688 4016 754 4074 Cori.
777 4023 922 4084 repertum,
940 4035 988 4090 pro
1009 4018 1080 4088 vulg.
1101 4021 1236 4076 totnonis
