2738 4442
80 85 293 229 'nroffi
418 147 939 232 -urunnornrrnrnru
1043 106 1050 130 '

140 331 240 393 eorpus
257 311 468 384 exercitatione,
489 309 677 383 continentia,
699 309 782 385 cibis,
802 313 871 373 ante
884 309 978 368 omnia
993 315 1093 367 natura
1106 307 1238 381 iuratur,

84 401 213 464 tensium
231 403 328 458 contra
344 415 380 455 ne
399 395 445 454 illa
466 395 578 471 quidem
597 396 665 454 satis
678 395 738 454 sine
752 399 812 453 arte
824 395 986 472 profuerint.
1029 390 1099 454 lllud
1112 404 1235 470 quoque
1247 403 1309 451 sat

141 484 258 544 studiosi
270 481 445 558 eloquentiae
458 481 599 564 cogitent,
617 498 709 556 neque
722 478 849 538 omnibus
863 479 1009 550 incensis,
1023 496 1096 556 quae
1109 477 1236 536 demon-

141 569 307 638 stravimus,
327 570 423 624 cuncta
445 582 531 643 posse
549 565 676 644 reperiri:
699 583 804 641 neque,
825 583 888 624 cum
903 563 1049 648 proposita
1068 563 1150 622 fuerit
1166 581 1234 622 ma-

142 654 213 713 teria
238 651 363 722 dicendi,
393 649 543 710 seminuda
569 649 692 725 singula,
721 654 751 708 et
777 647 851 708 velut
866 650 992 712 ¹ostiatim
1012 647 1164 726 pulsando,
1196 652 1234 704 ut

31 729 34 736 ’
144 739 246 809 sciant,
267 755 303 794 en
322 737 359 794 ad
379 735 553 812 probandum
572 735 617 807 id,
639 735 716 812 quod
733 735 915 807 intendimus,
936 735 1013 794 sorte
1022 733 1233 810 respondeant:

86 822 197 890 123nisi
216 840 278 880 eum
297 821 421 893 disornt,
441 825 471 878 et
492 819 581 880 adhue
600 839 651 878 usu
674 827 776 878 carent.
818 819 960 880 Infinitum
979 819 1053 878 enim
1068 817 1150 876 societ
1163 818 1233 896 ipsa
1353 809 1354 888 J

91 955 94 960 Α
142 925 187 968 res
208 905 317 966 dicendi
335 905 512 979 tarditatem,
534 905 559 964 si
580 923 690 982 semper
710 905 886 982 recesserit,
907 910 954 976 nt,
973 909 1115 964 tentantes
1128 921 1232 961 unum-
1353 899 1354 924 ³

143 991 275 1071 qnodque
286 1009 394 1062 eorum,
416 991 494 1067 quod
513 990 550 1048 sit
568 994 667 1066 aptum
687 995 772 1065 atque
790 990 972 1062 conveniens,
993 987 1162 1066 experiendo
1174 1007 1233 1044 no·
1353 991 1354 1060 j

113 1107 117 1114 ·
143 1095 265 1138 scamus:
293 1075 402 1146 nescio,
429 1093 466 1136 an
484 1075 567 1133 etiam
592 1073 790 1151 impedimento
809 1077 902 1134 sutura
919 1076 992 1149 sint,
1020 1072 1073 1132 nisi
1093 1077 1123 1132 et
1143 1073 1232 1132 animi
1353 1075 1354 1084 ’

144 1161 282 1240 quaedam
302 1159 427 1234 ingenite
447 1166 564 1232 natura,
586 1164 616 1218 et
632 1159 725 1217 studio
746 1161 895 1220 exercitata
914 1159 1042 1219 velocitas
1048 1201 1058 1232 ,
1079 1158 1155 1217 recta
1174 1177 1231 1216 nos

88 1247 182 1315 ettad
193 1264 243 1319 ea,
264 1263 336 1320 quae
347 1244 513 1302 conveniunt
526 1263 640 1317 cernae,
661 1245 762 1306 ierant.
804 1243 894 1316 Nem,
915 1251 948 1304 ut
965 1250 1064 1304 contus
1077 1243 1151 1302 vocis
1165 1242 1230 1321 plu-

145 1333 242 1390 rimum
264 1329 342 1386 iurat
358 1328 464 1388 sociata
481 1347 628 1388 nervorum
644 1330 805 1402 eoncordia,
834 1332 858 1388 si
879 1336 973 1390 tamen
993 1331 1100 1394 tardior
1118 1348 1229 1402 manus,

122 1415 199 1477 ,nisi
212 1413 346 1491 inspectis
359 1414 552 1490 demensisque
565 1413 694 1490 singulis,
717 1415 816 1491 quibus
833 1434 962 1492 quaeque
979 1433 1033 1474 vox
1050 1411 1152 1474 fidibus
1163 1415 1230 1474 iun-

145 1499 240 1577 genda
255 1500 306 1572 sit,
324 1498 450 1571 dubitet,
471 1498 564 1578 potius
586 1499 670 1558 suerit
687 1519 749 1558 esse
768 1506 928 1558 contentrnn
947 1521 997 1572 eo,
1019 1500 1096 1578 quod
1113 1500 1230 1577 simplex

146 1584 264 1646 canendi
275 1588 377 1643 natura
389 1583 495 1643 tulerit:
516 1584 559 1660 itu
571 1582 727 1642 huiusmodi
741 1577 896 1663 praeceptis
908 1586 993 1646 debet
1001 1586 1117 1662 quidem
1128 1591 1230 1663 aptata

89 1690 140 1748 125
147 1690 223 1744 esse,
245 1673 275 1728 et
288 1669 411 1730 citharae
421 1670 505 1728 modo
519 1661 629 1728 intenta
638 1670 709 1728 ratio
723 1671 879 1730 doctrinae:
902 1671 954 1730 sed
967 1670 1020 1731 hoc
1032 1671 1230 1731 exercitatione

146 1755 234 1816 multa
250 1754 491 1829 consequendum,
514 1758 562 1827 ut,
583 1755 814 1829 quemadmodum
828 1753 935 1816 illorum
949 1757 1099 1829 artificum,
1120 1755 1229 1814 etiamsi

27 1861 33 1866 ·
146 1839 201 1898 alio
222 1842 365 1916 spectent,
391 1857 490 1898 manus
509 1842 605 1895 tamen
624 1838 686 1918 ipsa
705 1840 903 1900 consuetudine
921 1841 959 1900 ad
979 1861 1095 1916 graves,
1122 1846 1229 1914 mutos,
1275 1909 1280 1916 ι

41 1926 44 1934 ’
146 1923 308 1997 mediosque
319 1921 417 1980 horum
429 1941 513 1996 sonoe
523 1924 628 1996 fertur,
641 1921 685 1983 'sic
695 1925 813 1982 oratoris
829 1927 1015 2002 cognitionem
1026 1925 1093 1986 nihil
1104 1931 1230 1986 moretur

146 2008 220 2072 haec
228 2006 346 2066 varietas
359 2013 585 2084 argumentormn
598 2013 628 2066 et
638 2011 734 2088 eopia,
754 2010 805 2068 sed
818 2012 898 2087 quasi
912 2011 1013 2072 offeret
1023 2031 1069 2084 se,
1091 2018 1119 2070 et
1134 2029 1227 2070 ocurr-
1237 2019 1291 2066 43⁵

147 2100 205 2152 rat:
227 2097 272 2164 et,
295 2097 326 2152 ut
338 2091 434 2154 literae
446 2092 623 2172 syllabaeque
639 2096 814 2154 scribentium
827 2097 1024 2172 cogitationem
1035 2115 1093 2156 non
1104 2097 1228 2174 exigunt,

146 2181 184 2240 sic
200 2178 323 2238 rationes
337 2185 437 2256 sponte
454 2180 575 2256 quadam
590 2185 749 2256 sequantur.
868 2195 870 2200 ’
1136 2197 1137 2200 ’

231 2262 281 2322 xl.
303 2262 430 2323 Tertium
440 2283 531 2341 'genus
542 2283 576 2323 ex
589 2263 638 2337 iis,
661 2284 733 2341 qnae
746 2265 913 2326 extrinsecus
927 2268 1101 2344 adducuntur
1115 2269 1145 2326 in
1165 2287 1229 2328 cau

148 2367 223 2420 mm,
246 2347 346 2406 Graeci
358 2355 459 2420 rorant
470 2340 676 2428 nnpddesypn:
698 2369 754 2426 quo
766 2352 879 2412 nomine
889 2358 919 2412 et
931 2353 1099 2428 generaliter
1110 2353 1153 2412 usi
1164 2359 1228 2412 sunt

148 2432 177 2490 'm
191 2430 265 2500 omni
277 2430 403 2490 similium
415 2432 603 2510 appositione,
626 2441 656 2492 et
668 2433 823 2512 specialiter
833 2437 863 2494 in
875 2437 924 2510 iis,
946 2457 1019 2515 quae
1030 2457 1122 2498 renim
1133 2445 1228 2515 gesta·

148 2535 209 2574 rum
221 2516 387 2576 auctoritate
400 2517 531 2576 nituntur.
570 2515 668 2576 Nostri
679 2520 738 2578 fere
751 2521 950 2587 similitudinem
962 2526 1054 2582 vocari
1064 2523 1227 2598 maluerunt,

149 2601 225 2680 qnod
243 2602 278 2660 ab
297 2599 348 2659 illis
365 2596 525 2680 naqadein*
541 2602 652 2675 dicitur,
679 2603 810 2679 alterum,
836 2606 995 2686 exemplum:
1023 2603 1184 2694 quenqmim
1199 2616 1228 2670 et

124 2684 216 2759 thoe,
237 2685 323 2746 simile
336 2692 394 2759 est3
417 2687 540 2759 utillud,
562 2687 738 2766 exemplum.¹
766 2690 844 2765 Nos,
865 2712 921 2770 quo
936 2693 1043 2752 huillus
1054 2695 1227 2774 propositum

149 2769 329 2848 explicemus,
349 2778 496 2850 utrumque
507 2765 695 2852 παράδειγμα
708 2793 768 2836 esse
780 2779 939 2851 credamus,
954 2784 985 2837 et
995 2779 1048 2856 'spu
1059 2779 1226 2858 appellemus

148 2855 301 2933 exemplum
344 2855 406 2916 Nec
420 2863 535 2931 vereor,
557 2877 594 2916 ne
609 2858 704 2918 ridear
723 2880 880 2939 repugnare
896 2863 1039 2937 Ciceroni,
1069 2875 1286 2942 qumque-miss

125 2945 130 2952 ’
150 2938 314 2998 collationem
325 2948 438 3018 separet
450 2943 485 3002 ab
500 2942 625 3020 scorpio.
667 2943 742 3005 Nam
753 2946 828 3008 idem
840 2967 949 3008 omnent
960 2951 1226 3024 argumentationem

149 3023 249 3098 dividit
268 3025 297 3082 in
315 3026 384 3084 duas
403 3032 514 3106 partes,
533 3027 718 3089 'inductiones
737 3039 767 3092 et
784 3035 1027 3106 ratiocinationem,
1055 3041 1086 3094 nt
1104 3034 1227 3114 plerique

150 3108 319 3170 Graecorum
335 3109 364 3166 in
379 3111 605 3192 παραδείγματα
626 3120 656 3174 et
671 3111 899 3195 ἐπιχειρήματαε
920 3119 1107 3198 dixemntque'
1124 3111 1226 3200 nopsi-

123 3193 269 3275 3drrypn,
291 3191 455 3275 ῥητορικήν
467 3189 636 3279 ἐπαγωγήν.
673 3199 748 3259 Noun
761 3200 823 3274 illa,
844 3223 899 3280 qua
913 3201 1227 3282 plorimsunestSocrs·

139 3287 191 3363 'tes
211 3299 290 3354 usus,
317 3280 388 3340 hanc
405 3281 500 3342 habuit
517 3285 602 3344 viam:
632 3303 694 3342 eum
712 3284 793 3364 plura
812 3288 1031 3364 interrogasset,
1053 3309 1125 3368 quae
1142 3291 1226 3349 fateri

147 3365 304 3428 adversario
315 3385 426 3428 neccsse
438 3375 530 3443 esset,
551 3369 697 3430 novissime
709 3370 755 3446 id,
777 3372 813 3433 de
828 3393 884 3450 quo
899 3375 1101 3452 quaerebatur,
1124 3376 1224 3436 inien-

215 3574 232 3636 ς
244 3571 269 3624 1.
278 3574 376 3654 μω·
388 3577 551 3646 induerunt]
576 3577 711 3634 Persicum
727 3597 761 3634 ex
777 3573 867 3636 Turio.
881 3583 943 3638 blm.
956 3583 1037 3638 Goth.
1055 3583 1123 3638 lens.
1134 3581 1223 3638 Locat.

145 3636 203 3690 Ald.
224 3641 335 3721 restitus.
361 3643 456 3723 ‘iterna
477 3645 732 3716 caespitum
751 3652 825 3720 reliq.
837 3671 932 3707 nonore
948 3655 1011 3706 mni.
1046 3653 1101 3706 sm
1122 3665 1223 3718 vereor,

146 3714 178 3760 ut
194 3715 275 3760 acnvs
296 3709 439 3766 mtimnvns
455 3715 602 3783 probandus
618 3719 667 3782 rit,
692 3735 749 3772 cum
762 3723 842 3776 verbo
854 3725 934 3776 mods
951 3720 1118 3785 coniunctus,
1137 3721 1223 3776 nisisi

50 3824 53 3833 ,
144 3775 235 3828 autad
250 3791 341 3842 unum,
360 3779 403 3850 qui
421 3782 526 3855 mavult,
541 3785 611 3839 actio
623 3786 751 3856 pertinet,
770 3799 799 3842 ut
810 3790 831 3854 1,
848 3793 875 3856 ⁵,
892 3790 944 3856 64„
962 3797 1009 3844 aut
1021 3789 1103 3844 altera
1118 3807 1175 3844 corn
1208 3801 1238 3830 ·'
1353 3793 1354 3810 ¹

142 3853 202 3900 rata
214 3843 283 3899 actio
295 3849 416 3915 oppositu
432 3857 482 3904 est.
495 3851 575 3933 ‘Tum
589 3853 654 3908 Alm.
668 3856 759 3910 Turio.
778 3866 804 3911 et
817 3860 943 3934 Obrecht.
958 3867 1030 3912 recte
1041 3860 1162 3914 omittunt
1175 3808 1223 3912 hbe

143 3923 205 3968 ants
225 3917 334 3968 niteram
351 3918 427 4001 vulgo
448 3927 574 3990 pontum,
598 3939 650 4006 qno
667 3941 716 3977 non
736 3943 800 3995 opus
820 3937 875 3991 eet,
897 3929 1050 3998 praesertim
1066 3945 1121 3984 cum
1134 3928 1222 3984 παύω

143 3989 268 4052 sequntur
279 3983 327 4038 liae
335 3987 447 4041 -rlind
481 3987 512 4040 lo
525 3991 687 4058 oppositione
699 3993 787 4048 brevis
800 3997 936 4052 taletense
948 3996 1039 4061 Quint.

212 4052 265 4118 §2-
285 4055 420 4126 Ciceroni]
437 4055 470 4114 tle
482 4057 583 4116 lurent.
596 4059 619 4128 1,
636 4063 680 4120 ³0·
698 4071 726 4120 at
740 4065 784 4122 tt.
