2774 4444
27 299 29 309 1
145 219 209 286 roa
331 185 335 194 ’
431 187 943 322 ursnoumrmmur
1115 275 1148 308 .,

47 392 52 404 ’
144 372 262 432 occisum
272 367 422 445 fateretur,
444 371 558 431 defendi
570 371 683 434 omnino
694 374 737 432 fas
750 365 930 454 nonlsuissel5
951 379 1001 434 aut
1013 377 1037 434 si
1048 377 1104 436 iam
1117 377 1233 457 prauus
1246 403 1255 410 ·
1268 437 1270 442 ,

52 509 54 516 χ
144 459 216 517 dicio
230 462 342 518 senatus
355 457 500 514 damnatus
512 463 585 516 esset
595 456 680 530 Mil03
702 464 751 517 aut
761 459 785 517 si
801 459 853 518 Cn.
866 459 1031 538 Pompeius,
1053 463 1101 539 qui
1114 470 1230 542 propter
1309 490 1315 502 ‘

144 543 265 620 aliquam
286 541 403 616 gratiam
422 542 551 600 iudicium
575 543 704 601 militibus
723 544 834 602 armatis
851 543 1002 620 clauserat,
1025 553 1158 624 tanquam
1177 550 1230 608 ad-

103 629 240 686 idversus
253 626 279 684 ei
290 615 440 702 timereturss
474 625 552 704 Ergo
560 627 617 690 ‚hae
631 647 742 705 quoque
755 631 930 705 quaestiones
940 631 996 689 vim
1007 633 1143 710 prooemii
1150 635 1233 694 obti-

144 712 274 783 nebant,
288 704 349 769 curis
363 730 458 769 omnes
468 712 585 771 iudicem
600 720 814 791 praepararent*
850 715 909 773 Sed
927 735 979 794 pro
992 715 1104 776 Vareno
1116 737 1231 795 quoque

68 787 74 806 ²
144 801 241 876 postea
255 797 388 869 narravit,
412 815 471 854 cum
487 798 597 856 obiecta
610 797 699 856 diluit.
742 798 827 867 Quod
842 799 891 858 liet
910 801 1031 875 utiliter,
1053 805 1160 878 quoties
1177 804 1231 862 cn·-

141 898 208 956 men
218 899 275 942 nan
287 880 475 959 repellendum
488 887 612 954 tanhrm,
635 885 780 942 sedetiam
794 885 1016 964 transferendum
1028 888 1095 960 erit,
1117 893 1164 960 ut,
1185 887 1230 946 his

143 967 219 1044 prius
234 963 371 1039 defensis,
393 965 469 1023 velut
482 967 588 1024 initium
607 969 643 1025 sit
659 967 743 1026 aliurn
755 969 883 1046 culpandi
895 972 1031 1028 narratio:
1053 978 1085 1030 ut
1096 973 1125 1031 in
1136 989 1231 1032 armo·¹

144 1069 205 1110 rum
231 1049 340 1108 ratione
365 1046 504 1126 antiquior
531 1053 663 1125 cavendi,
694 1073 776 1130 quam
796 1055 882 1130 ictum
903 1056 1055 1130 inferendi,
1084 1065 1148 1116 cura
1175 1063 1229 1117 est.

70 1165 72 1170 ·
102 1130 385 1210 27Eruntquaedam
408 1153 506 1194 causae
526 1135 632 1210 (neque
645 1137 675 1194 id
691 1137 768 1215 raro)
789 1140 902 1212 crimine
910 1143 1041 1216 quidem,
1064 1143 1100 1201 de
1114 1161 1169 1220 quo
1181 1163 1230 1202 cor·

141 1221 233 1298 gnitio
247 1225 306 1292 est,
329 1218 421 1277 faciles
443 1220 481 1277 ad
497 1219 672 1294 diluendum,
683 1219 685 1223 ’
695 1225 745 1283 sed
762 1223 852 1304 multis
872 1231 1016 1286 anteactae
1030 1221 1107 1286 vitae
1117 1228 1229 1304 flagih‘is

145 1310 174 1363 et
191 1297 319 1380 gravibus
340 1310 485 1362 oneratae:
507 1323 578 1381 quae
591 1307 837 1384 priusamolienda
849 1317 928 1384 sunt,
953 1317 984 1369 ut
995 1314 1131 1390 propitius
1146 1314 1230 1372 iudex
1240 1327 1295 1373 825
1382 1309 1383 1338 ³

66 1421 70 1425 -
144 1388 332 1447 defensionem
354 1388 439 1464 ipsius
457 1391 579 1464 negotii,
601 1392 676 1450 cuius
700 1395 813 1472 propria
831 1396 955 1470 quaestio
975 1403 1033 1470 est,
1056 1399 1165 1458 audiat:
1187 1403 1231 1474 ut,

104 1470 106 1476 ’
144 1474 167 1532 si
183 1472 372 1532 defendendus
389 1475 424 1530 sit
434 1473 474 1532 M.
484 1473 617 1549 Coelius,
630 1477 732 1538 ‘nonne
751 1480 857 1556 optime
874 1489 1006 1558 patronus
1018 1489 1141 1542 occurrat
1152 1484 1231 1563 prins

145 1561 271 1616 conviciis
286 1557 425 1630 luxuriae,
442 1559 625 1636 petulantiae,
647 1563 846 1641 impudicitiae,
868 1585 951 1642 quam
965 1567 1107 1644 occipitii?
1126 1570 1155 1626 in
1167 1569 1252 1647 qui,

92 1673 95 1678 ,
146 1643 196 1702 hus
210 1643 273 1700 solis
288 1641 530 1704 omnis'Ciceronis
542 1650 783 1722 versatur-oratio:
806 1651 908 1709 deinde
920 1657 980 1709 tum
994 1659 1088 1712 narret
1105 1653 1137 1712 de
1155 1655 1231 1713 haam
1277 1719 1281 1726 ,

148 1726 261 1800 Pallae,
282 1733 416 1805 totamque
433 1729 465 1788 de
484 1733 514 1788 ai
535 1731 653 1807 explicet
672 1751 796 1806 causam,
819 1752 890 1810 quae
904 1744 945 1794 est
959 1739 1044 1820 ipsius
1055 1740 1165 1798 actione
1178 1740 1238 1814 de-¹

82 1846 84 1850 ⁴
103 1814 137 1869 28
147 1809 246 1872 iensa‘i
288 1812 347 1871 Sed
360 1832 411 1871 nos
422 1815 497 1872 ducit
510 1815 663 1874 scholarum
676 1821 861 1894 consuetudo,
883 1821 912 1878 in
933 1823 1032 1898 quibus
1053 1831 1128 1883 certa
1144 1843 1231 1901 quae-

146 1897 211 1956 dam
221 1902 377 1976 ponuntur,
399 1917 470 1974 quae
484 1899 601 1958 themata
613 1899 754 1977 dicimus,
763 1910 875 1982 praeter
892 1925 964 1982 quae
981 1908 1048 1966 nihil
1065 1903 1108 1968 e'st
1123 1910 1233 1970 diluen-

73 1995 74 2000 ’
146 1982 222 2040 dum.
264 1981 387 2059 Ideoque
400 1987 523 2042 narratio
536 1988 678 2063 prooemio
692 2007 801 2067 semper
810 1991 993 2074 subiungitur.
1036 1991 1231 2055 Iudehbertas

51 2098 53 2104 ,
146 2065 390 2141 declamatoribus,
412 2074 442 2126 ut
457 2071 540 2128 etiam
555 2073 675 2132 secundo
685 2076 777 2151 partis
790 2095 857 2135 suae
873 2074 934 2134 loco
947 2097 1059 2138 narrare
1074 2081 1230 2146 uideantur.

94 2177 96 2188 =
145 2150 221 2211 Nam
235 2171 296 2211 cum
309 2173 361 2231 pro
374 2155 493 2232 petitore
508 2155 613 2228 dicunt,
627 2164 657 2222 et
672 2161 853 2236 expositione,
863 2167 1001 2240 ¹tanquam
1014 2164 1120 2243 priores
1132 2172 1230 2243 agant,

145 2239 187 2294 uti
201 2235 307 2308 solent3
328 2245 356 2297 et
370 2241 611 2313 contradictione,¹
623 2248 754 2320 tanquam
769 2248 980 2323 respondeant:'
994 2251 1079 2328 idque
1092 2250 1228 2318 sitrecte

103 2319 222 2382 saltam
241 2341 301 2380 cum
319 2324 356 2379 sit
373 2322 532 2382 declamatio
546 2325 696 2402 jeremiam
715 2334 849 2391 actionum
866 2331 1017 2408 meditatio,
1045 2354 1093 2393 our
1117 2357 1174 2394 non
1199 2339 1230 2395 in

57 2415 60 2428 ¹
146 2407 429 2482 utmmqueprotinus
442 2407 530 2464 locum
544 2411 694 2470 exerceat?
736 2415 821 2473 Cuius
840 2418 953 2477 rationis
970 2421 1075 2496 ignari,
1097 2439 1132 2480 ex
1142 2441 1229 2498 more,

117 2539 119 2544 .
147 2490 189 2550 cui
203 2496 361 2564 assuerunt,
378 2491 445 2549 nihil
460 2493 488 2549 in
499 2493 560 2551 foro
573 2501 673 2572 putant
686 2516 747 2558 esse
759 2503 927 2560 mutandum.
949 2504 1007 2563 Sed
1019 2506 1047 2562 in
1061 2505 1229 2568 scholasticis
1240 2521 1294 2568 auo

3 2591 4 2600 ¹
104 2578 261 2652 ioquoque
274 2595 471 2652 nonnunquam
491 2581 595 2654 evenit,
623 2587 655 2638 ut
666 2601 720 2659 pro,
734 2590 887 2644 namatium
907 2589 944 2647 sit
956 2591 1126 2668 propositio.·'
1153 2591 1229 2654 Nam

139 2659 214 2735 ‚quid
235 2666 370 2738 exponet,
397 2681 469 2738 quae
489 2663 646 2744 zelotypum
665 2667 754 2728 malae
771 2673 939 2732 tractationis
959 2675 1089 2734 accusati
1115 2681 1164 2736 aut
1180 2679 1230 2754 qui
1289 2691 1292 2696 '

146 2741 280 2820 Cynicum
301 2747 379 2823 apud
395 2765 523 2807 censores
541 2767 618 2810 reum
639 2753 675 2811 de
698 2757 821 2815 moribus
841 2757 930 2817 faciti
950 2780 1011 2819 cum
1025 2767 1112 2822 totum
1125 2763 1229 2822 crimen

110 2849 117 2858 ’
145 2845 201 2970 ppo
215 2830 300 2887 verbo
313 2831 343 2888 in
358 2829 480 2908 qualibet
494 2835 606 2894 actionis
621 2843 807 2919 parterposito
821 2847 889 2902 satis
902 2844 1047 2906 indicetur.
1089 2847 1230 2908 Sedhaec

182 2917 284 2971 denus.
926 2979 933 2988 ,

104 3009 138 3064 31
230 2996 328 3070 Nunc,
354 3017 426 3076 qnae
445 3002 482 3060 sit
497 3007 627 3064 narrandi
644 3009 731 3084 ratio,
759 3011 932 3088 subiungam.
977 3013 1111 3077 Narratio
1129 3024 1169 3078 cst
1187 3021 1231 3080 rci

141 3077 255 3160 sadoc,
284 3087 334 3140 aut
351 3089 382 3141 ut
396 3085 508 3162 sactae,
535 3081 1071 3176 atr'lis1adperruadcadum·capou'tr'a,·
1107 3103 1167 3181 vel,
1196 3112 1228 3165 ut

144 3164 329 3244 Apollodorus
344 3167 420 3243 finit,
443 3175 529 3230 oratio
549 3173 642 3236 meus
661 3179 823 3255 auditorem,
837 3182 912 3260 'quid
934 3187 963 3242 ia
982 3193 1159 3249 coahaomsia
1180 3193 1226 3250 silss

145 3248 216 3310 Eam
235 3250 358 3331 plerique
379 3254 541 3334 scriptores,
565 3265 681 3324 maxime
696 3268 744 3342 qui
763 3267 880 3326 suntab
898 3268 1036 3348 Isocrate,
1056 3276 1151 3334 volunt
1165 3295 1229 3338 esse

48 3415 53 3422 1
145 3333 279 3412 lucidata,
300 3338 424 3414 brevem,
441 3344 616 3404 amimruilcm.
657 3349 760 3427 Neque
780 3353 854 3410 enim
873 3348 973 3429 refert,
1001 3375 1039 3418 an
1058 3381 1111 3440 pro
1135 3360 1230 3422 lucida

104 3433 139 3488 32
144 3423 333 3500 perspicuam,
353 3443 404 3502 pro
418 3429 558 3487 omisimili
567 3433 737 3508 prohabilem
750 3437 942 3500 credibilemve
953 3442 1085 3504 dicamus.
1118 3445 1229 3508 Eadem

145 3507 226 3564 uobis
246 3506 339 3584 placet
358 3509 470 3584 divisio;
497 3533 654 3592 quanquam
674 3525 704 3580 et
723 3519 886 3583 Aristoteles
906 3525 941 3586 ab
960 3525 1081 3588 Isocrate
1098 3535 1178 3607 parte
1197 3533 1229 3594 in

144 3607 200 3646 una
214 3590 394 3666 dissenserit,¹
407 3605 586 3677 praeceptum
602 3603 744 3664 brevitatis
757 3607 889 3685 irridens,
910 3615 1042 3688 tanquam
1053 3631 1167 3674 necesse
1179 3617 1230 3692 sit,

144 3671 256 3750 longam
274 3682 323 3734 aut
341 3678 453 3738 brevem
473 3701 534 3744 esse
552 3687 765 3763 expositionem,
794 3711 845 3752 nec
863 3693 945 3754 liceat
965 3696 1006 3754 ire
1024 3715 1076 3774 per
1092 3701 1227 3761 medium.

145 3754 305 3818 Theodorei
316 3779 428 3838 quoque
442 3766 527 3828 solam
543 3769 701 3848 relinquunt
713 3775 833 3834 ultimam
846 3785 969 3856 partem,
991 3781 1055 3857 quia
1067 3800 1120 3842 neo
1134 3785 1228 3844 brevi-

102 3845 187 3900 83ter
207 3842 302 3919 ulique
319 3863 371 3920 nec
390 3847 509 3910 dilucide
528 3872 637 3930 semper
653 3859 689 3914 sit
707 3859 773 3918 utile
794 3879 938 3940 exponere.
981 3864 1045 3934 Quo
1065 3869 1225 3948 diligentius

145 3925 339 4002 distinguenda
359 3938 422 3990 sunt
442 3933 565 4010 singula,
587 3945 629 4010 ut,
652 3943 718 4016 quid
739 3962 852 4022 quoque
869 3943 930 4006 loco
944 3953 1048 4028 prosit,
1069 3955 1223 4030 ostendam.

41 4087 48 4096 .
142 4005 273 4150 Narqqipo
297 4019 342 4072 est
361 4021 410 4072 aut
428 4017 486 4074 tota
501 4035 554 4094 pro
567 4013 657 4096 adri,
678 4033 727 4086 aut
741 4033 798 4088 tata
807 4049 859 4108 pra
872 4033 1053 4114 democriti,
1073 4047 1122 4100 aut
1134 4042 1224 4102 moisio

144 4107 208 4147 cca
259 4113 315 4170 que.
810 4145 815 4156 ·
1174 4153 1179 4164 r
