2774 4444
165 195 229 258 loo
279 159 295 270 ’,
433 191 497 250 uu.
523 187 620 250 nnn.
650 163 965 268 murmurarint

122 357 156 410 60
164 350 241 409 ciant
251 347 461 425 expositionem.
500 345 575 404 Nam
588 363 624 404 ne
638 345 776 403 contraria
788 351 838 403 ant
849 345 901 404 sibi
914 344 1101 422 repugnantia
1114 344 1144 402 in
1157 363 1256 404 nama-
1266 361 1317 407 aar

162 435 240 494 tione
251 434 389 506 dinamus,
410 433 435 491 si
454 431 498 490 cui
517 431 743 508 praecipiendum
759 437 818 502 est,
840 431 864 488 is
879 429 985 506 reliqua
1000 431 1104 488 frustra
1121 431 1254 491 docctm:

165 519 271 580 etiamsi
287 517 399 593 quidam
411 517 559 595 scriptores
572 515 681 574 Artium
690 515 743 574 hoc
754 513 881 594 quoque,
894 521 1027 592 tanquam
1041 515 1178 576 occultam
1191 523 1221 589 et
1233 535 1255 576 a
1293 537 1296 542 ¹

165 625 197 665 ae
208 603 361 682 prudenter
373 610 480 674 erutum
487 645 495 676 ,
517 602 639 660 tradunt.
1224 677 1230 684 ι
1284 605 1290 614 “

120 697 153 752 61
194 757 199 770 Ι
247 687 301 746 His
321 687 409 746 tribus
429 687 559 744 narrandi
577 683 720 744 virtutibus
736 685 868 744 adiiciunt
880 685 995 762 qnidam
1012 685 1253 762 rnagaifieenticm,

56 765 59 770 ¹
122 837 126 844 ,
163 791 248 852 quam
273 771 528 853 μεγαλοπρέπειαν
549 777 665 845 vocant,
693 788 765 846 quae
785 787 877 847 neque
900 772 930 828 in
947 787 1042 829 omnes
1062 788 1158 828 causas
1178 769 1255 827 cadit

163 859 243 936 (nam
257 859 341 935 quid,
363 860 392 916 in
405 859 544 937 plerisque
555 857 662 915 iudiciis
681 856 810 934 privatis,
833 857 870 916 de
884 861 959 914 certa
973 856 1095 929 credita,
1116 854 1207 912 locato
1223 859 1254 912 ct

162 945 316 1017 conducto,
345 944 516 1016 interdictis,
545 941 648 1001 habere
673 938 726 1006 loci
745 947 839 1019 potest
859 959 942 1020 snpra
961 942 1076 1000 modum
1102 959 1133 999 se
1152 938 1254 998 tollens

162 1028 306 1106 oratio‘l)‚
329 1047 421 1105 neque
435 1047 544 1106 semper
558 1033 602 1085 est
613 1025 705 1098 utilis,
725 1032 759 1083 ut
773 1022 818 1085 vel
834 1027 959 1104 proximo
972 1025 1100 1106 exemplp
1121 1024 1254 1090 Milonia-

121 1125 200 1180 cano
222 1120 328 1194 patet·
356 1110 395 1172 Et
417 1111 636 1185 meminerimus,
656 1111 755 1168 multas
777 1131 838 1170 esse
860 1131 971 1184 causas,
994 1112 1024 1168 in
1046 1111 1145 1190 quibus
1163 1111 1254 1170 conti-

162 1201 294 1272 tendum,
307 1199 520 1272 *excusandum
542 1197 769 1254 summittendum
781 1198 832 1270 sit,
854 1199 931 1273 quod
944 1198 1122 1276 exponimus:
1151 1197 1254 1272 quibus

135 1325 138 1336 .
157 1287 288 1354 ¹omnibns
302 1285 391 1342 aliena
404 1291 447 1342 est
459 1283 505 1342 illa
520 1282 741 1358 magnificentiae
757 1283 853 1340 virtus.
897 1283 992 1351 Quare
1005 1299 1061 1340 non
1075 1285 1163 1358 magis
1185 1299 1255 1359 pro-

161 1369 253 1453 prium
265 1369 430 1433 narrationis
445 1375 488 1428 est
502 1369 644 1445 magnifice
658 1367 758 1439 dicere,
784 1385 868 1443 quam
888 1367 1091 1441 rnr'serodiliter,
1112 1366 1254 1440 moidime,

160 1457 298 1534 maniter,
320 1453 449 1529 dulciter,
470 1453 584 1512 ardoine:
606 1471 693 1529 quae,
715 1471 777 1511 cum
790 1471 840 1510 suo
854 1453 982 1530 quaeque
999 1452 1063 1511 loco
1082 1455 1139 1515 sint
1156 1451 1254 1512 laum-

160 1542 243 1615 bilia,
264 1559 322 1600 non
339 1545 404 1600 sunt
416 1539 478 1598 huic
492 1539 566 1618 parti
576 1540 689 1616 proprie
703 1538 862 1613 assignata,
884 1546 913 1597 et
927 1539 1004 1598 velut
1016 1539 1122 1599 dedita.

121 1639 158 1695 53
209 1676 211 1680 .
247 1625 438 1702 lllaqnoque,
460 1632 492 1683 ut
505 1625 657 1682 narrationi
672 1631 753 1701 apta,
775 1622 898 1683 itacum
913 1625 1011 1683 ceteris
1030 1625 1159 1702 partibus
1176 1639 1254 1682 oom-
1303 1651 1311 1666 ·

161 1712 270 1784 munis,
298 1718 341 1770 cst
359 1712 462 1784 virtus,
492 1729 575 1786 quam
598 1708 775 1768 Theodectes
796 1707 859 1769 huic
875 1710 923 1767 uni
942 1712 1056 1788 proprie
1074 1709 1167 1781 dedu
1192 1727 1255 1768 non
1282 1731 1285 1738 ’

129 1795 131 1802 ⁴
162 1787 237 1856 enim
252 1796 428 1872 magnificam
441 1796 527 1853 modo
548 1793 608 1852 vult
626 1813 703 1866 esse,
732 1795 930 1854 verumetiam
944 1794 1088 1854 iocundum
1102 1793 1253 1872 expositio·

161 1901 235 1941 uem.
278 1881 368 1953 Sunt,
398 1880 446 1958 qui
466 1881 600 1938 adiiciant
621 1878 663 1937 his
686 1877 862 1953 euidentiam,
892 1897 965 1958 quae
984 1873 1124 1961 ἐνάργεια
1144 1880 1254 1940 Graece

118 1971 284 2038 pareatur.
326 1963 429 2042 Neque
440 1983 494 2041 ego
506 1981 665 2041 quenquam
679 1961 850 2044 deceperim',
870 1972 904 2024 ut
916 1965 1102 2038 dissimulem,
1123 1965 1252 2025 Ciceroni
1261 1975 1316 2023 000

152 2049 379 2130 ηιιοῳιερίιιτεε
391 2057 486 2130 partes
504 2051 621 2128 placere.
665 2049 952 2129 Nam'praeterquam
969 2050 1081 2130 plonnr'n
1101 2056 1131 2110 et
1150 2051 1252 2110 trecen

162 2144 191 2198 et
210 2136 376 2210 credibilem,
405 2137 464 2195 vult
485 2155 547 2195 esse
567 2134 727 2209 evidentem,
756 2141 903 2210 rnorotum,
926 2155 989 2196 nam
1006 2135 1148 2218 dignitate.
1191 2137 1252 2196 Sed

160 2225 191 2282 in
203 2223 328 2282 oratione
340 2231 448 2280 morata
461 2223 566 2280 debent
579 2241 641 2280 esse
658 2223 751 2281 omnia
768 2241 829 2282 cum
844 2222 995 2297 dignitate,
1017 2237 1091 2298 quae
1109 2227 1252 2300 potentat·

121 2327 125 2335 ·
160 2307 309 2368 Eoidaatia
329 2307 358 2363 in
374 2308 549 2379 narratione,
574 2314 708 2382 quantum
728 2327 782 2384 ego
803 2307 942 2384 intelligo,
964 2315 1007 2367 est
1021 2307 1135 2384 quidem
1149 2323 1251 2383 magna

160 2393 263 2464 virtus,
284 2409 346 2450 cum
358 2392 426 2466 quid
436 2393 508 2462 neri,
530 2412 587 2450 uon
601 2392 756 2466 dicendum,
778 2393 831 2452 sed
843 2395 1048 2468 quodammodo
1062 2394 1145 2452 etiam
1156 2399 1252 2452 osten·

162 2477 285 2536 dandum
305 2482 361 2535 est:
383 2476 433 2534 sed
455 2477 550 2534 subiici
567 2479 757 2554 perspicuitati
780 2484 883 2556 potest.
926 2480 1017 2547 Quam
1033 2479 1146 2556 quidam
1166 2479 1250 2537 etiam

38 2607 43 2624 .
77 2579 89 2626 ,⁴
162 2563 325 2622 cantariam
339 2560 448 2622 interim
463 2567 645 2641 putaverunt,
668 2564 733 2638 quia
747 2564 776 2620 in
790 2564 955 2640 quibusdam
971 2565 1060 2623 carinis
1077 2564 1251 2622 obscuranda

118 2649 261 2710 65veritas
279 2654 369 2719 esset,
390 2649 466 2723 quod
489 2653 533 2706 est
554 2646 705 2706 ridinrlum.
749 2647 840 2722 Nam,
863 2651 909 2725 qui
924 2651 1071 2708 obscurare
1088 2648 1165 2722 vult,
1185 2667 1250 2707 nar·

160 2742 207 2794 rat
222 2733 292 2793 salsa
308 2734 461 2812 provenis:
490 2738 520 2792 et
532 2734 562 2790 in
575 2734 608 2791 iis
623 2751 696 2810 quae
712 2741 807 2794 narrat
821 2735 907 2794 debet
918 2735 1060 2808 laborare,
1082 2741 1114 2793 ut
1136 2735 1250 2794 videan-

139 2815 206 2877 tur
220 2837 304 2896 quam
318 2818 529 2877 evidentissima.
1048 2849 1051 2854 ·
1087 2827 1092 2847 ⁹

118 2913 153 2966 66
236 2902 282 2961 'Et
295 2907 431 2980 quatenus
453 2905 538 2963 etiam
557 2903 631 2963 sorte
646 2905 766 2980 quadam
780 2906 956 2985 pervenimus
975 2906 1012 2963 ad
1026 2903 1164 2963 difficilius
1183 2921 1250 2964 nar·

160 3131 164 3136 ,
230 3072 247 3134 S
266 3069 309 3126 61.
327 3071 360 3122 dc
378 3076 451 3122 certa
466 3067 584 3135 credita]
608 3087 645 3122 sc.
655 3073 781 3138 persenia,
808 3088 875 3140 quae
893 3070 1000 3124 iniuria
1017 3070 1250 3142 formulapouitnr

130 3187 136 3197 ,
159 3139 177 3203 S
192 3140 217 3194 6.
234 3155 300 3192 nuno
311 3136 452 3200 omittitur,
469 3145 499 3190 ut
511 3138 582 3203 vm,
600 3141 626 3203 3,
647 3136 686 3196 14.
703 3153 731 3194 et
741 3139 802 3202 ΧΠ,
822 3143 864 3204 10,
883 3143 925 3196 70.
945 3139 988 3193 ubi
1000 3139 1026 3192 iu
1042 3140 1144 3211 aliquot
1156 3140 1251 3208 codd„

159 3215 190 3262 ut
207 3213 295 3260 nostro
318 3207 390 3272 loco,
413 3225 443 3261 rc
457 3206 521 3260 male
541 3208 719 3278 interponitur.
761 3209 813 3262 Alii
831 3210 958 3279 scripturn
980 3210 1076 3264 habeut
1094 3209 1250 3266 coniunctim

126 3277 265 3332 'decerta
280 3279 395 3341 credita,
419 3275 547 3362 utpllmel.
563 3279 834 3362 undeinal3decretu
847 3280 916 3332 cred.
1015 3333 1020 3342 ,
1084 3347 1102 3374 .·
1137 3348 1146 3364 ⁹
1177 3347 1184 3364 .
1241 3365 1250 3384 ·

158 3346 1251 3502 ..intertinctieratnerimtrerminum

118 3505 124 3518 '
152 3485 563 3675 ffiiiiif’dinlii‘iii?
575 3487 951 3627 mititt‘tttntffl
966 3487 1251 3623 'attinentis

195 3621 268 3676 alitio
283 3624 406 3677 arrideat
443 3624 533 3695 comp.
550 3625 571 3691 l,
591 3629 633 3688 10,
650 3626 692 3678 22.
731 3625 824 3680 Varum
836 3629 941 3696 paidos
955 3642 987 3678 ea
1000 3621 1251 3694 (ltmicaJpropi-io

68 3727 70 3734 Ι
157 3695 461 3832 masfmcoerrqtnqq.
474 3765 507 3818 de
522 3765 597 3817 Orat.
612 3762 647 3826 11,
666 3765 709 3818 80.
725 3763 817 3816 Partit.
833 3767 881 3820 Or.
894 3782 916 3816 c
930 3767 956 3818 9.
974 3768 1003 3816 et
1015 3761 1087 3832 Tap.
1100 3780 1124 3816 e.
1141 3765 1186 3818 26.
1200 3763 1248 3816 nbi

158 3847 216 3885 anm
229 3833 439 3898 discederetur,
464 3841 494 3888 ut
508 3850 565 3884 cum
584 3833 718 3902 dignitate
737 3834 862 3902 scripturn
881 3833 931 3895 sit,
953 3832 1043 3904 Spald.
1061 3839 1089 3887 et
1109 3831 1194 3886 Wolff
1213 3849 1249 3886 ex

159 3899 319 3984 Quintiliano
333 3901 424 3984 volupt
433 3901 529 3969 corrigi
541 3909 676 3965 moratae,
694 3900 774 3983 irruite
787 3919 848 3954 sane
861 3902 1003 3988 Cicerone,
1021 3902 1068 3972 qni
1085 3919 1247 3986 cnmempra·

145 3971 327 4157 &titt
339 3969 462 4161 iffi
475 3967 1066 4166 ffldgliffilfflddldffqffi
1082 3972 1249 4107 dliii&

212 4122 346 4162 nerrmrno
394 4123 512 4160 numen
584 4124 717 4164 ,arina
746 4127 827 4182 marg.
888 4129 905 4183 p
