2774 4444
110 263 113 272 Α
195 166 198 174 ’
311 163 325 244 ’ἶ
413 187 996 290 insnousroanrarn,a
1182 217 1245 284 rsa

164 367 382 430 benevolentiae.
423 363 486 428 Nar
505 367 621 444 mirum,-
640 389 701 427 cum
720 368 803 428 etiarn
823 368 852 426 in
872 367 1052 445 Panegyricis
1065 351 1245 450 petatnr‘au·

164 455 297 514 dieutium
309 455 405 527 saror,
425 447 471 510 uhi
487 452 702 512 emolumeutrun
713 474 771 513 uon
781 455 811 511 in
823 453 943 514 utilitate
953 455 1062 532 aliqua,
1083 460 1133 517 sed
1145 459 1174 516 in
1185 459 1244 518 solu

163 539 261 612 lande,
283 538 413 596 consistit·
454 536 616 600 Aristoteles
626 540 756 615 quidem,
778 559 830 598 nec
843 540 1011 615 sineloausa,
1032 547 1269 620 putat'etano-ti

163 631 237 696 stra,
260 631 288 682 et
304 624 339 680 ab
353 623 428 695 eius,
451 624 499 699 qui
511 624 668 697 dissentiet,
690 643 826 701 persona,
843 623 903 682 duci
915 625 1073 701 frequenter
1085 630 1113 685 in
1125 628 1246 688 consiliis
1304 677 1305 680 ,
1340 675 1343 678 -

30 719 32 726 “
56 773 63 788 ,
163 710 323 780 exordium,
345 709 423 784 quasi
441 711 627 768 mutuantibus
642 709 695 767 hoc
711 709 792 766 nobis
814 708 965 766 aiudiciali
978 729 1096 785 genere,
1114 719 1244 772 nonnun-

119 799 124 809 ‘
164 813 248 871 quam
264 794 360 867 etiam,
383 798 413 863 ut
429 793 519 852 minor
535 815 579 853 res
598 795 721 853 maiorve
735 795 878 853 videatur:
893 793 928 850 ‘in
947 795 1165 856 demonstrativis
1178 817 1244 858 vero

162 879 304 959 prooemia
318 898 379 938 esse
391 879 510 938 maxime
519 878 607 939 libera
618 879 764 938 existimat.
794 878 868 937 Nam
881 883 909 936 et
919 877 1002 956 longe
1014 899 1032 941 u
1045 883 1269 958 maternianus

162 971 195 1024 ut
207 966 236 1022 iu
246 963 369 1029 Helenes
379 963 607 1026 laudelsocrates
616 965 729 1025 lecemt:
752 969 781 1023 et
793 983 827 1022 ex
839 963 931 1044 aliqua
943 965 985 1024 rei
995 966 1108 1039 vicinia,
1125 974 1158 1044 qt
1169 969 1244 1030 idem

162 1050 193 1110 in
208 1048 381 1129 Panegyrico,
402 1051 580 1126 conqueritur
596 1050 659 1128 plus
672 1051 785 1108 vlrorroris
801 1068 953 1128 corporum,
982 1069 1062 1129 quoru
1090 1055 1269 1126 animorum,
1366 1103 1370 1113 .

82 1185 90 1194 .
161 1135 305 1194 uirtutibus
320 1133 399 1193 duri:
421 1140 449 1193 et
463 1136 583 1212 Gorgias
594 1138 624 1194 iu
635 1135 783 1213 Olympico
802 1133 917 1192 laudans
934 1153 998 1208 eos,
1019 1137 1068 1212 qui
1083 1137 1164 1214 primi
1175 1138 1245 1198 tales

161 1220 338 1286 instituerunt
350 1227 509 1280 conuentus.
552 1221 630 1288 Quos
642 1227 753 1280 secutus
765 1219 892 1280 videlicet
904 1219 1018 1299 Crispus
1032 1219 1194 1297 Sallustius,
1215 1224 1245 1282 in
1263 1221 1266 1230 ’

161 1305 233 1365 bello
248 1305 413 1382 Iugurthino
427 1313 456 1364 et
470 1305 647 1378 Catilinario,
668 1304 737 1364 nihil
749 1307 786 1364 ad
796 1306 937 1365 historiam
951 1307 1153 1384 pertinentibus
1168 1309 1245 1388 pria·

161 1392 240 1469 cipiis
252 1409 332 1448 orsus
347 1395 397 1458 est
441 1391 501 1448 Sed
512 1410 585 1450 nuuc
598 1391 635 1449 ad
646 1391 813 1464 srrasoriam,
835 1392 864 1448 in
882 1409 953 1466 qua,
976 1393 1058 1450 etiam
1069 1413 1130 1450 cum
1144 1405 1288 1471 prone-10

161 1477 220 1534 mio
231 1482 354 1548 utemur,
369 1475 494 1534 hreriore
506 1480 615 1549 tarnem
633 1480 662 1535 et
673 1475 748 1535 velut
761 1475 883 1552 quodum
891 1476 986 1553 ,capite
995 1481 1104 1536 tantum
1117 1484 1148 1537 et
1156 1469 1246 1554 initio,
1286 1491 1291 1502 ’

44 1599 47 1604 ,
162 1561 324 1622 debebimus
337 1576 398 1620 esse
411 1561 543 1620 contenti.
657 1605 660 1611 .
948 1551 949 1558 ¹
1234 1611 1241 1628 ,

245 1645 442 1705 Narrationem
453 1664 518 1705 vero
527 1656 669 1720 nunquam
682 1639 777 1722 eriget
789 1647 896 1725 priuata
907 1645 1087 1720 deliberatio,
1104 1647 1162 1706 eius
1177 1648 1247 1719 duu-

161 1737 241 1790 taxat
253 1731 310 1805 rei,
330 1731 366 1790 de
380 1751 436 1807 qua
454 1725 572 1790 dicenda
588 1733 725 1795 sententis
746 1737 808 1796 estc
824 1731 890 1808 quia
912 1749 993 1790 nemo
1012 1731 1124 1808 ignorat
1142 1734 1187 1806 id,
1210 1735 1246 1794 de

161 1835 217 1894 quo
231 1815 356 1874 consulit.
376 1816 553 1876 Extrinsecus
567 1822 683 1894 possunt
694 1817 862 1896 pertinentia
872 1818 910 1876 ad
919 1817 1146 1878 'deliberationem
1159 1817 1285 1882 multati
1376 1825 1379 1833 ’

161 1903 277 1960 narrari
293 1899 339 1959 'rln
350 1903 527 1962 concionibus
542 1921 627 1982 saepe
643 1903 779 1963 est'etism
789 1902 836 1960 illa
844 1940 857 1977 ,=
876 1921 948 1978 quae
963 1903 1088 1962 ordinem
1102 1905 1143 1963 rei
1154 1905 1245 1979 docet,

161 1981 341 2061 necessarias
356 1985 495 2060 Affectus,
514 1994 547 2046 ut
562 2007 634 2064 quae
645 1987 915 2065 maxime,postulat
951 1987 1026 2059 Nam
1040 1990 1287 2050 etcoucituudu12
1329 2045 1331 2048 ,

163 2077 191 2131 et
213 2073 341 2132 lenienda
358 2075 520 2150 frequenter
534 2079 577 2132 est
593 2074 651 2146 ira,
674 2080 704 2130 et
726 2074 764 2130 ad
785 2079 903 2144 metum,
924 2073 1120 2148 cupiditatem,
1141 2074 1244 2149 odium,
1345 2069 1346 2074 '

161 2159 394 2230 conciliationem,
416 2157 576 2236 impellendi
590 2157 681 2214 animi.
705 2199 709 2208 .
725 2156 932 2234 Nonnunquam
946 2157 1030 2215 etiam
1042 2157 1179 2221 movenda
1192 2159 1245 2224 mie

101 2243 277 2317 truseratio,
300 2243 373 2314 sive,
392 2248 424 2300 ut
440 2242 568 2301 auxilium
591 2242 709 2302 obsessis
728 2243 845 2314 seratur,
866 2242 983 2303 suadere
1005 2243 1158 2319 oportebit,
1186 2243 1245 2307 sive

161 2328 255 2387 sociae
266 2328 382 2386 civitatis
394 2328 563 2390 suessionem
577 2327 759 2390 deflebimus„
774 2327 862 2387 Valet*
870 2333 962 2386 autem
976 2327 1006 2384 in
1016 2327 1134 2389 consiliis
1148 2335 1245 2408 aucto:

160 2414 226 2472 ritas
238 2413 391 2493 plurimum.
434 2411 509 2474 Nam
529 2419 559 2473 et
579 2413 806 2492 prudentissimus
827 2432 888 2473 essa
906 2412 1056 2488 haberique
1077 2420 1106 2472 et
1124 2413 1243 2492 optimus?
1252 2417 1300 2471 13·
1382 2475 1383 2486 χ

160 2500 261 2572 debet,
284 2501 331 2575 qui
348 2501 503 2558 sententiae
522 2517 588 2558 suae
609 2499 773 2560 de'utilibus
788 2504 872 2575 atque
886 2497 1007 2556 honestis
1023 2499 1135 2574 credere
1145 2517 1243 2560 omnes

159 2583 234 2644 velit.
261 2583 294 2642 ln
307 2585 499 2644 iudiciiseuim
511 2582 595 2660 vulgo
611 2585 653 2643 fas
666 2583 784 2644 habetur
794 2583 939 2660 indulgere
954 2581 1059 2658 aliquid
1072 2583 1164 2642 studio
1177 2603 1242 2642 suo:
1279 2651 1281 2655 .
1337 2629 1352 2654 .,

160 2669 287 2740 consilia,
308 2689 391 2726 nemo
405 2675 447 2728 est
459 2671 506 2744 qui
518 2674 619 2744 neget,
641 2669 790 2726 seeundum
802 2687 893 2730 mores
906 2667 975 2724 dari.
1283 2665 1290 2672 “

247 2747 418 2810 Graecorum
439 2754 554 2829 quidem
569 2752 679 2828 plurimi
698 2771 781 2810 omne
799 2752 853 2810 hoc
873 2750 994 2812 officium
1012 2749 1168 2810 concionale
1182 2751 1285 2810 essetl
1313 2745 1317 2757 ¹

159 2839 366 2911 iudicaverunt,
390 2844 420 2897 et
432 2837 461 2894 iu
473 2837 532 2894 sola
544 2837 710 2914 reipublicae
723 2837 961 2899 administratione
972 2842 1131 2915 posuerunt,
1165 2837 1243 2904 Quin
1279 2891 1282 2901 ,

160 2931 191 2985 et
202 2925 302 2984 Cicero
324 2923 353 2980 in
373 2923 429 2982 hae
444 2923 567 2981 maxime·
581 2927 662 2998 parte
682 2923 815 2982 versatur.
855 2921 979 2998 Ideoque
991 2923 1111 2984 suasuris
1123 2919 1242 2998 depocr,

159 3009 242 3084 bello,
266 3011 365 3086 copiis,
387 3009 493 3086 opibus,
514 3005 708 3082 oechgulibus,
730 3007 799 3066 haec
811 3008 867 3066 duo
879 3007 1028 3086 praecipue
1040 3013 1107 3066 nota
1119 3027 1180 3070 esre
1193 3025 1243 3065 vo·
1333 3045 1340 3063 ,

160 3095 228 3166 luit,
247 3097 317 3152 uires
331 3096 469 3168 ciuitatis,
483 3100 518 3174 et
531 3111 628 3150 mures:
651 3097 682 3150 ut
698 3112 732 3152 es
743 3101 842 3152 natura
858 3112 920 3152 cum
931 3093 1168 3170 ipsarumrerrun,
1182 3098 1242 3156 tum

130 3243 132 3250 ,
162 3180 344 3253 audientium,
371 3182 443 3240 ratio
467 3179 600 3238 suadendi
624 3179 777 3238 duceretur.
819 3176 910 3237 Nobis
928 3179 1016 3236 maior
1035 3179 1064 3234 in
1079 3197 1111 3236 re
1132 3167 1315 3235 videtur15'

161 3265 295 3338 varietas3
315 3285 379 3324 nam
393 3273 424 3324 et
437 3264 641 3324 consulturuium
657 3269 687 3322 et
699 3263 867 3330 assultuum
878 3263 996 3342 plurima
1010 3268 1075 3320 sunt
1087 3251 1201 3336 genera:
1283 3285 1286 3304 2
1335 3274 1342 3282 ·

249 3351 344 3419 Quare
356 3353 386 3410 in
397 3351 539 3410 suadendo
553 3356 583 3409 et
594 3349 779 3408 dissuadendo
792 3349 846 3408 tria
858 3349 975 3426 primum
988 3345 1139 3425 spectanda
1151 3349 1241 3418 errant,

131 3444 134 3458 '
163 3436 240 3504 Quid
260 3439 314 3509 ar,
334 3435 366 3494 de
382 3437 625 3514 ,quodclr'bsreturr
649 3433 707 3505 Qui·
720 3437 791 3506 siut,
814 3436 861 3512 qur'
872 3432 1027 3500 deliberatam
1050 3429 1108 3494 Qui
1120 3433 1174 3504 sit,
1197 3429 1244 3506 qui
1283 3493 1285 3498 .

161 3521 282 3582 caudent.
325 3521 414 3594 Rem,
436 3523 473 3581 de
492 3523 548 3598 qua
559 3521 743 3592 deliberatur,
764 3524 815 3576 aut
828 3523 933 3578 cartrun
947 3522 989 3584 est
1002 3535 1084 3594 posse
1097 3515 1173 3588 fieri,
1192 3519 1243 3572 aut
1252 3515 1284 3570 16

162 3609 302 3668 incertum.
345 3607 378 3666 Si
395 3608 547 3681 incertum,
575 3604 714 3676 haeserit
732 3604 857 3681 quaestio
874 3602 958 3683 sola,
971 3607 1021 3664 aut
1041 3600 1241 3682 potentissima.
1298 3655 1300 3663 s

209 3813 212 3819 ’
232 3789 304 3858 §rt
323 3791 429 3862 epilam]
455 3789 502 3844 Sle
519 3788 597 3842 Goth·
613 3788 690 3844 Vm·
710 3791 736 3850 2·
752 3791 780 3850 ei
798 3788 832 3842 R·
847 3789 873 3850 2·
891 3804 947 3847 011111
965 3786 1024 3846 add.
1040 3783 1243 3865 antalsstoeriurn

162 3862 294 3927 omnihus,
312 3867 424 3930 excepta
437 3859 530 3913 Aldina
546 3865 671 3929 utraque,
689 3876 757 3926 quae
778 3875 834 3911 curu
854 3857 959 3926 reliquis
974 3856 1047 3910 libris
1066 3857 1146 3908 habet
1158 3868 1243 3922 operr-

164 3933 229 3994 hua,
247 3931 317 3999 quod
335 3929 427 3999 Spald.
443 3929 560 3998 recepit,
579 3945 634 3986 cum
686 3929 742 3985 ibus
760 3929 787 3982 et
800 3927 889 3996 ,ipsius
910 3927 961 3982 loci
976 3925 1043 3980 ratio
1063 3923 1198 4004 suaderet,
1216 3923 1244 3971 et

165 3999 225 4054 cte.
234 3998 269 4052 da
279 4000 355 4052 Orat.
368 3997 403 4062 ll,
415 4000 458 4053 δί.
473 4015 548 4068 quera
563 3998 654 4062 Quint.
671 3997 800 4064 ¹undavit,
818 3997 863 4066 qui
873 3995 1017 4058 utilitatem
1031 3989 1164 4074 defendat,
1181 4005 1244 4042 erar·

163 4065 419 4127 iurabitcoumodu
429 4069 514 4136 puris,
533 4085 625 4136 opum,
641 4069 794 4138 poteritine,
806 4066 948 4136 proauiae,
964 4061 1149 4131 uertigutrura,
1163 4075 1245 4128 pruc-
1382 4067 1383 4072 ’

162 4139 227 4194 sidit
241 4139 368 4216 nidmu,
383 4143 632 4223 adamatum.
1303 4160 1308 4164 -

207 4219 418 4276 Qummurrrrus.
684 4229 688 4232 ·
1007 4198 1041 4260 hi
1150 4237 1159 4250 ι
