2788 4452
64 253 67 258 .
166 169 252 267 ω’
341 285 344 288 ¹
455 149 968 279 nussuursnmmur
1040 171 1043 176 ’

86 406 89 420 ,
246 355 284 438 'Si
296 347 390 416 tamen
401 373 460 415 non
472 355 639 431 continget,'
650 353 747 432 quales
763 356 881 416 madmc
899 354 981 415 velim
992 358 1128 434 cubices,
1146 361 1252 437 ¹praeses
1263 371 1297 418 aa

166 440 286 516 babere,
306 442 559 520 paedagogosque:
581 434 693 498 atauus
708 437 781 502 certe
794 441 831 498 sit
845 441 986 516 murinus,
1006 443 1188 508 dicendinou
1200 445 1254 504 im-
1304 429 1309 438 ’

166 527 287 606 peribis,
308 525 373 603 qui,
394 527 419 584 si
438 530 494 603 qua'
515 530 596 585 eruut
620 525 656 582 ab
679 524 732 582 his
744 531 894 603 praesente
912 525 1024 588 dumne
1049 527 1125 588 diota
1145 529 1253 606 adase,

166 611 286 693 corrigat
299 611 427 688 protinus
434 654 444 685 ‚
458 628 511 669 nec
519 610 645 676 insidere
658 603 697 666 illi
711 609 799 668 sinet:
822 609 888 668 dum
900 618 994 672 tamen
1005 610 1198 691 intelligatur,
1211 615 1253 690 id,

86 744 89 750 ,
166 697 243 775 quod
255 695 333 774 prius
345 695 417 770 dixi,
438 695 540 753 bonnm
556 713 636 768 esse3
656 693 725 768 hoc,
745 695 905 754 medium.
1175 753 1177 762 .

125 793 161 849 12
235 777 399 839 ,AGraeeo
413 798 541 839 samone
562 767 678 859 puerum
697 776 819 857 incipere
839 779 928 840 malo:
957 781 1022 859 quia
1035 779 1183 860 Latinum,
1204 783 1294 862 quite

63 893 71 908 x
165 861 288 944 pluribus
306 864 335 923 in
350 880 405 922 usu
419 869 479 940 est,
499 855 544 924 vel
559 863 640 922 nobis
653 863 810 924 nolentibus
825 866 968 942 perbibet:
990 866 1070 925 simul
1084 868 1149 945 quia
1168 869 1253 928 disci·
1360 871 1362 876 '

165 950 247 1029 plinis
262 967 376 1026 quoque
391 949 506 1009 Graecis
520 948 600 1028 prius
614 947 801 1008 instituendus
817 956 877 1024 est,
898 953 977 1010 stude
995 957 1025 1010 et
1036 958 1150 1012 nostrae
1164 939 1260 1014 fluxe‘

125 1040 237 1103 13‘ruut.
263 1033 346 1094 -Non
357 1040 449 1093 tamen
471 1034 525 1093 hoe
539 1033 611 1092 adeo
625 1034 817 1113 superstitiose
829 1034 910 1093 velim
922 1035 1000 1111 fieri,
1029 1042 1062 1094 ut
1082 1037 1131 1097 din
1143 1043 1252 1097 bubum
1333 1109 1337 1112 ,

74 1171 76 1176 ,
164 1120 291 1197 loquatur
308 1119 416 1178 Graece
430 1124 478 1178 aut
492 1119 597 1192 discat,
609 1118 690 1177 sicut
700 1117 843 1197 plerisque
854 1121 940 1178 moris
953 1127 1012 1195 est,
1040 1121 1104 1180 hinc
1117 1123 1193 1182 enim
1205 1141 1252 1182 ae·

162 1206 257 1264 cidunt
273 1205 371 1270 eteris
385 1203 504 1281 plurima
516 1203 816 1282 uitia'in'pcregrinum
833 1223 933 1262 sonum
947 1206 1081 1284 comrpti3
1103 1213 1132 1265 et
1146 1227 1251 1266 sermo-

164 1291 226 1362 nis;
247 1290 289 1347 cui
305 1307 366 1346 cum
378 1289 503 1348 Graecae
515 1289 623 1364 figurae
637 1289 750 1348 assidua
764 1290 963 1349 consuetudine
975 1289 1139 1363 haeserunt,
1161 1291 1191 1349 in
1205 1291 1250 1350 di·
1322 1333 1328 1344 .

38 1389 40 1393 ’
125 1371 245 1440 14versa
266 1387 378 1450 quoque
399 1371 532 1450 loquendi
553 1369 660 1433 ratione
681 1371 899 1452 pertinacissime
926 1375 1035 1434 durant.
1077 1374 1144 1434 Non
1165 1375 1250 1452 longe

163 1451 258 1537 itaque
269 1457 371 1516 Latina
384 1459 516 1536 subsequi
532 1458 654 1535 debent,
677 1464 705 1517 et
720 1459 773 1518 cito
787 1460 893 1537 pariter
903 1461 953 1519 ire.
979 1459 1024 1518 lta
1036 1459 1099 1536 liet,
1121 1463 1166 1534 ut,
1188 1479 1251 1519 crnu
1328 1497 1336 1508 ·

105 1595 108 1600 .
163 1543 272 1624 aequali
289 1561 352 1602 cura
362 1542 486 1620 linguam
502 1549 645 1620 utramque
659 1545 731 1603 tueri
743 1545 924 1622 coeperimus,
935 1551 1034 1610 neutra
1047 1544 1127 1604 alteri
1141 1544 1252 1605 officiat
1338 1551 1343 1574 ¹

110 1643 156 1715 ,51¹5
178 1689 179 1694 χ
248 1628 370 1706 Quidam
383 1628 470 1688 literis
490 1628 691 1702 instituendos,
713 1629 760 1710 qui
782 1628 902 1700 minores
921 1635 1029 1711 septem
1047 1631 1128 1688 annis
1148 1637 1253 1706 essent,

163 1831 222 1885 vius
236 1835 291 1895 est,
310 1831 437 1884 bominem
458 1829 483 1883 b.
498 1848 523 1885 e.
543 1843 627 1884 mores
648 1824 724 1904 pueri
742 1829 871 1898 regendos
891 1830 933 1886 rel
948 1821 1127 1888 emendandos.
1163 1831 1205 1888 Cf.
1217 1831 1253 1900 Π,

162 1899 188 1966 4,
201 1903 245 1958 23.
263 1909 289 1954 et
302 1903 358 1954 terro
367 1901 472 1970 interim
479 1902 666 1970 parasitusque
680 1903 832 1966 defenditur
845 1903 897 1966 sie,
923 1909 954 1954 ut
974 1920 1027 1954 nou
1041 1901 1141 1968 bomini
1156 1911 1252 1972 patro-

65 1976 66 1980 ’
163 1973 292 2036 dueum,
310 1971 355 2023 red
370 1970 480 2023 crimini.
515 1969 597 2023 Paulo
619 1973 710 2037 snte§
727 1973 751 2024 8.
766 1969 859 2023 falsam
870 1970 997 2022 scientiae
1013 1971 1204 2040 persuasionem
1223 1975 1252 2024 et

162 2039 298 2096 stultitiam
309 2038 531 2110 reprehenderat.
547 2038 668 2109 opposito
683 2055 786 2104 errore,
813 2039 857 2110 qui
879 2046 986 2092 noaaet
997 2040 1118 2094 moribus.
1153 2040 1249 2092 Vestes

55 2109 61 2121 ¹
162 2127 192 2162 so
208 2109 376 2180 versindiget
387 2114 416 2162 el·
430 2107 490 2178 (qui
504 2107 644 2178 gravatur)
664 2109 719 2162 sich
740 2109 812 2163 nicbt
830 2127 864 2162 an
884 2107 932 2162 der
954 2107 1071 2161 Tbeorie
1087 2109 1135 2160 der
1154 2107 1249 2162 Erzie·

158 2180 249 2249 hung,
268 2180 379 2232 sondern
393 2196 425 2233 an
437 2177 493 2231 dem
506 2179 553 2247 (zu
567 2176 753 2251 erziehendcn)
767 2178 917 2234 Menschen.
943 2177 1067 2232 Similiter
1074 2177 1178 2230 Sallust.
1189 2177 1251 2245 lug.

161 2247 204 2311 14,
229 2251 272 2304 33.
289 2267 342 2300 aaa
364 2249 432 2300 enirn
454 2263 590 2316 regnans,v
604 2250 650 2299 red
667 2275 702 2286 -
719 2265 805 2300 omues
817 2249 866 2301 bus
882 2277 918 2288 -
935 2265 1074 2301 ammaus
1093 2265 1149 2300 cum
1162 2245 1251 2300 auimo

163 2319 239 2370 simul
251 2312 370 2369 nminat.
394 2314 470 2382 adq.
492 2315 510 2366 l.
524 2315 578 2367 vid.
590 2312 682 2388 ¹(loric.
718 2316 852 2382 Exiguum
871 2314 938 2368 enim
951 2317 1060 2370 alterum
1081 2323 1123 2370 est
1135 2333 1200 2386 prae
1212 2314 1252 2370 al·

161 2394 236 2449 tero,
252 2400 304 2454 quo
318 2382 490 2446 considerato,
508 2381 577 2441 illud¹
586 2399 634 2450 pro
646 2381 725 2434 nihilo
739 2383 830 2435 baberi
842 2383 944 2458 solet,
1043 2437 1045 2444 ,

231 2458 247 2519 ς
261 2457 303 2511 11.
319 2454 414 2522 pueros
436 2452 549 2519 babere]
575 2452 621 2503 Sic
643 2449 740 2505 Palatt.
752 2449 842 2504 Almel.
858 2450 940 2508 Bodl.
959 2451 1049 2504 Gucli.
1065 2451 1146 2506 Goth.
1160 2453 1249 2508 Burro.

88 2581 93 2590 Ι
162 2520 473 2592 Spaldsarpeindnal.
488 2537 515 2590 p.
530 2519 572 2574 16.
589 2519 744 2572 Postvolim
762 2519 827 2571 male
861 2519 1049 2574 enuntbabere
1063 2521 1128 2576 Bad.
1143 2523 1200 2591 Gry
1223 2524 1250 2576 b.

43 2621 57 2634 -
91 2639 94 2642 .
162 2593 244 2646 Gibs..
257 2591 389 2654 Obrecht3
410 2595 472 2659 post
493 2589 579 2641 conda
602 2597 628 2642 et
641 2586 667 2640 id
687 2588 749 2658 poni
769 2537 997 2642 vultbirnemann.
1031 2589 1103 2642 Idem
1116 2606 1174 2642 eum
1189 2541 1249 2642 edd.
1322 2621 1348 2638 .-

36 2713 41 2724 ,
162 2663 230 2717 Bad.
249 2664 443 2733 paedagogos‚·
460 2667 498 2713 at.
534 2605 673 2730 Spsdding,
701 2657 771 2711 utin
784 2657 864 2726 plenis
883 2675 917 2712 ue
931 2654 1005 2711 libris
1020 2657 1124 2728 seriptis
1138 2659 1251 2721 haberes

123 2785 126 2794 Δ
158 2735 337 2804 paedagogus
350 2739 395 2794 at,
412 2747 481 2800 quse
494 2727 622 2812 particula
637 2746 688 2782 non
699 2727 766 2783 solet
780 2674 933 2782 alteroboeo
946 2727 1075 2788 collocari.
1110 2727 1251 2782 Poullainii

162 2803 287 2854 Codieem
302 2808 329 2855 et
339 2800 431 2854 didam
445 2801 505 2869 (qur
518 2799 664 2870 transponit
675 2799 901 2871 paedagogosque
909 2815 1006 2868 pueros
1020 2797 1130 2864 babere)
1143 2801 1251 2866 secutus

161 2888 219 2922 curn
237 2871 331 2940 Sarpio
352 2869 447 2938 scripsi
462 2870 702 2939 paedagogosque:
727 2877 765 2922 at.
812 2869 906 2922 Vocem
927 2869 1153 2937 paedagogosque
1173 2867 1251 2922 Gens.

161 2939 216 2991 len.
230 2939 248 2990 l.
261 2957 283 2991 c.
297 2943 417 3008 tanquam
431 2937 558 3004 glossema
571 2939 644 2989 uncis
658 2937 770 2990 inclusit.
804 2935 846 2990 De
863 2953 926 2990 voce
938 2937 1056 2988 assiduus
1067 2935 1134 2988 coni.
1149 2935 1208 3000 Vll,
1224 2940 1250 3000 1,

80 3063 82 3070 ,
161 3009 205 3062 52.
224 3008 338 3059 assidere
348 3006 477 3074 patuisti,
502 3005 566 3067 etl,
583 3008 610 3066 2,
626 3007 652 3060 5.
671 3007 958 3066 assiduus'eomitatue‚
976 3003 1000 3066 1,
1017 3005 1043 3066 3,
1062 2999 1104 3056 14.
1139 3002 1193 3056 Pro
1208 3005 1251 3058 di·

161 3077 237 3129 ceudi
248 3093 301 3128 aon
310 3076 444 3143 imperitus
458 3091 490 3125 ex
500 3071 583 3124 Codd.
597 3072 682 3134 Poull.
694 3073 768 3126 Rodl.
784 3078 811 3125 et
831 3072 891 3125 edd.
906 3072 1000 3125 Venet.
1012 3070 1103 3125 etdld.
1118 3088 1170 3124 non
1184 3073 1250 3125 mul'-
1278 3100 1282 3106 ·

159 3151 216 3198 tum
226 3143 325 3208 abluit,
342 3143 403 3214 quin
416 3141 559 3212 reciperem
573 3143 695 3212 laquearii
710 3160 762 3194 non
773 3143 835 3212 imp.
854 3147 884 3194 ut
896 3143 914 3207 5
927 3139 954 3194 4.
969 3140 1002 3192 de
1022 3140 1167 3208 nutricibus
1181 3151 1251 3195 recte

61 3237 69 3248 ¹
159 3223 249 3268 tumea
262 3216 340 3267 ctiam
360 3215 508 3282 loquuntur.
526 3211 569 3264 cf.
585 3211 608 3281 1,
629 3211 655 3275 7,
673 3209 716 3266 34.
735 3217 762 3263 et
778 3213 805 3278 6,
822 3212 865 3266 27.
902 3209 992 3280 Spald.
1011 3210 1077 3265 banc
1097 3211 1250 3266 varietatem

39 3303 46 3330 ⁹
160 3283 221 3339 lect.
232 3281 412 3354 praetermisit.

231 3355 305 3420 §12-
324 3352 494 3406 lautianm-
505 3351 643 3422 perbibet]
669 3349 840 3473 gemblaum
861 3347 1101 3435 hanescripturqm
1123 3347 1143 3400 S
1163 3348 1250 3471 alqsse

142 3421 358 3569 relicui
375 3422 956 3574 §.russurrensians
972 3427 1250 3544 arsur....urr

160 3561 183 3626 Ι,
204 3564 230 3618 3.
248 3577 275 3630 p.
289 3561 348 3618 489.
363 3559 531 3614 eDussaultii
546 3559 587 3614 ed.
601 3557 684 3613 Paris.
701 3559 825 3614 Codicum
834 3559 975 3627 Regiorum
991 3555 1157 3637 stedflamp
1181 3555 1249 3608 scri-

97 3657 101 3668 .
160 3635 263 3702 pturam
278 3647 336 3683 cum
349 3630 437 3700 Spald.
455 3629 575 3683 editione
583 3636 779 3699 comparaturus
799 3648 824 3699 p.
838 3627 897 3685 439.
913 3645 940 3681 v.
958 3629 983 3681 8.
1001 3625 1155 3694 Spaldingso
1170 3624 1248 3676 Loti-

161 3701 374 3768 cus-perbibet
395 3716 442 3768 pro
466 3700 577 3752 Latinus
588 3700 740 3770 —perbibet
753 3697 870 3774 tribuit,
895 3697 922 3750 id
937 3702 1047 3766 apparet
1068 3707 1156 3744 errore
1171 3699 1250 3761 typo·

161 3766 286 3856 graphica
300 3769 396 3822 lactum
411 3785 477 3821 esse.
514 3767 592 3831 Quod
607 3775 692 3822 antem
706 3774 810 3837 praeter
823 3766 886 3820 alios
900 3765 979 3850 libros
993 3763 1026 3816 R.
1039 3763 1174 3844 23tuetur,
1194 3764 1250 3816 bu-

161 3835 633 3980 {emittiteltlrltl
646 3833 1251 3959 latmia.‘'til'‘adlflttt'lft

160 3981 277 4048 praebet.
311 3977 352 4031 De
370 3976 445 4029 verbi
463 3975 595 4044 perbibere
618 3972 830 4048 propria-signis.
852 3974 886 4025 el.
907 3973 1000 4026 Senec.
1020 3971 1071 4041 lap.
1092 3973 1134 4028 71.
1167 3971 1246 4024 aare

82 4069 84 4076 ν
162 4048 287 4114 precedam
298 4049 393 4100 calmes
403 4047 481 4099 semet
499 4045 587 4107 ducit,
606 4045 730 4113 quosdm
743 4045 794 4096 uici
804 4071 840 4082 —
854 4061 906 4096 aaa
917 4042 1043 4114 perbibit:
1067 4039 1100 4094 de
1113 4039 1251 4106 translata,

162 4113 243 4168 eiusd.
261 4115 313 4186 llp.
325 4113 369 4174 94.
390 4117 463 4198 Quae
476 4133 532 4168 eum
545 4113 611 4168 mibi
618 4115 740 4184 persuasi
755 4121 782 4166 et
792 4113 900 4184 perbibi.

620 4295 630 4341 l
