2788 4452
36 201 39 210 ’
150 242 194 310 oe
444 243 485 307 u.
507 214 942 346 unnsqurn’r‘r'nmur
1028 273 1046 322 μ

152 406 184 459 ut
205 401 310 460 incerta
331 401 412 458 certis
436 401 545 478 probet.
590 397 677 468 Quod
697 397 815 461 efficitur
830 403 1020 482 duplici-uiae
1041 414 1237 487 comparatione
1276 464 1278 474 ,

148 487 457 552 ¹sirniliuminerrtruis
473 488 592 545 maxime
611 485 721 562 syllabis
743 487 964 566 (propterquod
981 509 1030 567 ee,
1053 513 1126 570 qnae
1139 503 1236 556 sunte
1277 495 1282 503 '

125 571 281 648 fisingulis,
308 571 569 646 negantur-‘debere
591 571 756 648 rationem):
787 580 816 632 et
840 574 1022 636 diminutione.
1067 578 1237 658 Comparatio

123 697 130 704 -
149 659 179 717 in
190 657 348 714 nominibus
362 661 412 713 aut
427 671 514 731 genus
530 657 730 735 deprehendit,
753 665 802 716 ant
814 659 1045 726 declinationem:
1071 683 1171 740 gomer,
1192 673 1235 740 ut,
1279 711 1281 716 -

148 743 349 818 siquaeretur,
367 741 638 820 funiomasculinum
650 744 702 816 sit,
724 761 761 800 an
772 737 947 820 femininum,
970 749 1059 808 simile
1077 749 1115 808 illi
1129 753 1166 810 sit
1181 771 1235 830 pn·

72 833 75 840 ’
148 830 206 896 nio3
227 827 439 902 declinationem,
460 829 507 900 n't,
531 829 556 885 si
566 829 660 887 veniat
673 829 702 886 in
718 828 846 904 dubium,
868 830 920 889 tao
934 831 1013 891 domo
1026 836 1174 896 dicendum
1190 839 1236 912 sit,
1251 885 1255 890 .

149 928 185 971 an
207 911 576 987 matemautensem,
598 931 635 972 an
654 913 802 989 domorum,
825 916 925 974 similia
944 920 1001 978 sint
1025 920 1133 994 domus,
1155 942 1234 996 omn,
1284 951 1287 956 ·

124 1003 250 1057 fimcnua
292 997 446 1056 Deminutio
456 1017 543 1073 genus
562 999 647 1056 modo
662 999 786 1075 detegit:
808 1007 851 1074 et,
876 1021 913 1061 ne
931 1004 967 1062 ab
989 1007 1089 1066 endem
1110 1007 1235 1087 exemplo

84 1151 95 1166 ,
124 1087 292 1157 7recedam,
312 1083 407 1162 funem
419 1083 599 1142 masculinum
612 1103 672 1146 esse
685 1084 830 1162 funiculus
848 1088 978 1147 ostendit.
1006 1090 1116 1150 Eadem
1130 1093 1160 1151 in
1171 1113 1234 1152 ver·

148 1170 191 1227 bis
208 1179 320 1246 qnoque
333 1170 406 1227 ratio
425 1171 654 1246 comparationis:
676 1175 709 1228 ut
730 1172 852 1246 siquis,
876 1173 1004 1248 antiquos
1028 1175 1154 1250 secutus,
1170 1179 1234 1256 fer·-

147 1273 207 1313 uere
225 1256 303 1336 breyi
323 1255 416 1314 media
434 1254 539 1330 syllaba
562 1256 653 1328 diunt,
683 1256 908 1333 deprehendatur
923 1259 1022 1322 vitiose
1039 1259 1132 1337 loqui,
1156 1265 1233 1338 quod

146 1343 253 1415 omnia,
276 1359 371 1418 quaec
390 1344 419 1398 et
433 1339 563 1412 oliteris,
593 1341 700 1399 fatendi
721 1341 822 1414 modo,
849 1344 1048 1417 terminantur,
1071 1347 1184 1420 eadem,
1207 1349 1231 1406 si
1241 1365 1272 1410 ts

146 1425 260 1485 infinitis
280 1443 293 1483 e
315 1425 423 1486 literam
442 1426 534 1482 media
553 1423 657 1500 syllaba
677 1432 858 1504 acceperunt,
885 1429 983 1505 usique
998 1431 1163 1508 productam
1180 1433 1231 1490 he-

122 1513 228 1584 8beut,
251 1511 385 1588 prandeo,
406 1510 520 1588 pendeo,
549 1510 675 1587 spondeo,
701 1511 845 1588 praedm,
863 1513 989 1590 pendere,
1020 1515 1150 1592 spondere.
1193 1516 1232 1576 ut
1274 1533 1303 1580 .“

146 1615 219 1676 quae
237 1597 353 1654 osolam
364 1597 484 1668 habent,
507 1596 658 1653 dummodo
677 1609 729 1675 per
749 1597 870 1655 eandem·
885 1597 993 1656 literam
1014 1601 1043 1656 in
1060 1601 1168 1658 infinito
1184 1621 1231 1661 ex·
1280 1591 1285 1606 ⁸

145 1688 227 1755 eant,
254 1683 349 1741 brevia
367 1682 453 1753 firmi,
475 1681 550 1756 lego,
572 1681 647 1755 dico,
671 1699 764 1753 curro,
794 1681 894 1755 legere,
917 1682 1021 1756 dicere,
1045 1703 1165 1743 coercere:
1187 1694 1230 1745 et·
1315 1749 1318 1754 ,

144 1769 223 1826 iamsi
240 1773 284 1826 est
299 1768 375 1845 apud
390 1765 537 1839 Lucilium,
1105 1793 1109 1804 ι

231 1851 322 1910 Feruit
342 1855 414 1930 aquo
434 1857 460 1908 et
474 1851 582 1929 fund:
597 1849 687 1929 sevit
705 1869 789 1925 nunc,
808 1851 898 1930 ferun
918 1853 955 1912 od
976 1873 1083 1915 anunm.

120 1937 204 1999 used
216 1957 285 2020 pace
297 1937 518 1997 dicerehominis
537 1937 713 1997 eruditissimi
723 1936 819 2011 lineat,
841 1939 865 1996 si
875 1938 963 2018 feroit
980 1945 1062 2017 putat
1081 1939 1120 1999 illi
1141 1941 1230 2002 simile

144 2027 273 2084 cursitet
288 2023 370 2100 legit,
387 2022 468 2101 feroc
488 2024 609 2096 dicetur,
634 2029 667 2080 ut
687 2041 765 2080 curro
785 2030 815 2082 et
829 2023 906 2100 lego:
921 2019 1006 2100 ¹quod
1021 2025 1101 2084 nobis
1120 2027 1229 2085 inaudi-
1307 2029 1311 2036 '

92 2127 98 2136 ·
144 2118 204 2172 tum
218 2116 279 2169 est..
312 2111 371 2170 Sed
385 2115 497 2168 nonest
512 2107 580 2168 haec
594 2125 660 2168 vera
674 2111 859 2194 comparatio:
880 2127 946 2168 nam
962 2110 1051 2188 feroit
1070 2110 1109 2168 illi
1125 2118 1168 2170 est
1190 2113 1227 2169 si-

144 2195 208 2256 mile
223 2201 321 2256 seruit:
341 2215 424 2273 quam
437 2197 646 2275 proportionem
663 2197 792 2272 sequenti
812 2196 1037 2262 dicerenecesse
1055 2191 1104 2255 est¹
1114 2195 1227 2274 sentire,

103 2293 136 2344 10
144 2287 176 2338 ut
190 2285 294 2339 seruire.
327 2281 432 2338 ‘Prima
443 2299 554 2355 quoque
568 2280 717 2356 aliquando
730 2282 834 2358 positio
848 2301 882 2340 ex
894 2281 1011 2363 obliquis
1026 2283 1175 2357 invenitur,
1196 2289 1229 2342 ut

143 2367 275 2425 memoria
288 2370 385 2442 repeto
398 2365 536 2422 convictos
556 2382 574 2421 a
589 2383 651 2437 me,
675 2367 722 2440 qui
735 2366 985 2442 reprehenderant,
1008 2369 1085 2443 quod
1101 2367 1227 2427 hoeret-

142 2451 179 2508 bo
191 2461 260 2509 ¹usus
275 2468 378 2522 essem,
395 2451 490 2526 pepigi
493 2467 504 2517 ‚·
525 2449 635 2506 numid
650 2449 762 2524 quidem
771 2450 882 2526 dixisse*
891 2471 1011 2508 summos
1024 2458 1150 2511 errorores
1162 2471 1227 2511 eon-

135 2536 307 2610 'fitebantur,
328 2535 466 2592 rationem
480 2539 575 2592 tamen
589 2533 738 2608 negabant
747 2536 922 2610 permittere,
932 2537 1006 2611 ⁴quia
1021 2538 1111 2613 prima
1125 2540 1227 2616 positio

11 2675 24 2700 ,
137 2625 276 2700 paciscor,
299 2641 361 2682 cum
379 2620 496 2680 haberet
509 2625 636 2702 naturam
647 2619 787 2696 patiendi,
809 2621 913 2679 iaceret
931 2626 1059 2698 tempore
1074 2625 1226 2700 praeterito
1339 2693 1343 2701 ¹

102 2721 131 2772 11
137 2714 237 2785 pactus
256 2725 322 2766 som.
364 2703 446 2779 Nos,
464 2711 577 2784 praeter
595 2704 789 2763 auctoritatem
809 2711 951 2764 omtomm
971 2713 1058 2783 atque
1080 2707 1226 2768 historico}

103 2819 105 2824 ’
141 2813 219 2867 nun,
241 2792 370 2868 analogia
389 2783 501 2872 quoqne
522 2791 625 2850 dictum
645 2790 798 2849 tuebamur.
841 2789 916 2849 Nam
934 2811 995 2850 cum
1010 2793 1039 2850 in
1055 2791 1109 2851 llll
1124 2791 1231 2858 tabulis,

141 2875 310 2954 legeremus,
337 2875 380 2935 Ni
393 2881 436 2934 ita
448 2883 570 2954 pognnt:
591 2875 797 2936 inveniebamus
813 2876 902 2935 simile
919 2876 998 2950 huie,
1010 2877 1136 2934 cadum:
1159 2881 1225 2938 inde

141 2964 231 3040 prima
252 2963 370 3040 positio,
398 2961 505 3020 etiamsi
524 2966 664 3019 vetustate
683 2960 855 3035 exoleverat,
884 2963 1055 3039 apparebat,
1072 2979 1163 3039 pago,
1191 2969 1225 3022 ut

17 3041 29 3060 ⁷
101 3047 225 3113 luendo:
246 3048 321 3106 unde
341 3065 398 3104 non
410 3051 470 3105 erut
486 3045 600 3106 dubium
621 3045 660 3104 sic
678 3049 772 3123 pepigi
784 3065 835 3105 nos
848 3047 956 3119 dicere,
977 3051 1019 3102 ut⁴
1030 3045 1121 3104 ceddi.
1165 3044 1243 3106 Sed*

140 3133 355 3206 meminerimus,
376 3149 434 3189 non
455 3149 507 3209 per
527 3131 620 3190 omnia
638 3131 701 3190 duci
723 3131 867 3207 comtogr'ae
886 3149 970 3209 posse
988 3131 1140 3205 rationem,
1159 3148 1223 3191 eum

140 3219 192 3276 ribi
210 3220 270 3295 ipsa
284 3217 410 3296 plurimis
424 3215 530 3274 inlusis
545 3223 692 3294 repugnet.
737 3217 883 3285 Quaedam
901 3217 961 3275 siue
981 3216 1066 3272 dubio
1089 3224 1224 3276 conantur

140 3305 241 3363 eruditi
262 3303 429 3374 defendere,
450 3308 498 3376 ut,
520 3321 581 3360 cum
600 3303 803 3380 deprehensum
824 3307 883 3375 est,
905 3301 980 3378 lepus
998 3306 1027 3359 et
1044 3302 1124 3380 lupus
1142 3301 1222 3360 simili
1232 3317 1265 3362 rr
1376 3307 1377 3312 ’

139 3390 277 3466 positione
300 3394 435 3465 qnantum
458 3387 565 3446 casibus
587 3389 762 3464 numerisque
782 3387 960 3459 dissentiant3
978 3387 1021 3446 ita
1041 3387 1223 3466 respondent,

39 3473 41 3480 ’
140 3476 195 3531 rion
212 3493 271 3532 esse
287 3476 381 3552 paria,
406 3473 470 3552 qnia
483 3473 556 3551 lepus
572 3474 735 3551 epicoenum
750 3475 795 3547 sit,
817 3472 896 3550 lopus
910 3470 1104 3531 masculinnm:
1133 3489 1220 3550 quan·

140 3577 224 3635 quam
237 3559 327 3616 Varro
339 3561 369 3618 in
382 3579 416 3618 eo
429 3559 518 3632 libro,
540 3579 597 3636 quo
615 3560 695 3617 initia
712 3560 786 3617 urbis
800 3557 907 3618 Romae
924 3563 1050 3631 enarrat,
1072 3556 1164 3634 lupun
1172 3556 1220 3636 se
1240 3603 1245 3610 .

99 3647 130 3700 13
140 3647 238 3701 minam
253 3643 332 3716 dicit,
355 3644 477 3702 Ennium
495 3641 689 3721 Pictoremque
709 3642 829 3704 Fabium
848 3649 966 3704 secutus
1009 3641 1052 3698 Illi
1071 3648 1167 3700 autem
1186 3643 1220 3700 ii-

86 3795 89 3804 ,
139 3729 219 3796 dem,
243 3725 540 3808 cnminterrognntur,
559 3747 607 3790 cur
620 3747 683 3806 aper
699 3732 761 3805 apri
766 3773 774 3803 ,
795 3735 827 3788 et
836 3735 916 3806 puter
926 3728 1015 3804 patris
1025 3725 1130 3786 saciati
1150 3725 1221 3789 illud
1314 3733 1320 3740 '
1374 3721 1375 3738 ¹

129 3817 240 3873 'nomen
255 3812 415 3890 simpliciter
427 3815 573 3892 positum,
586 3813 638 3871 hoo
653 3815 693 3871 ad
712 3813 817 3890 aliquid
833 3831 893 3873 esse
907 3812 1088 3871 contendunt.
1135 3811 1219 3874 Prae·
1373 3809 1374 3892 l

99 3943 106 3952 .
138 3905 215 3958 terea
228 3899 367 3982 quoniam,
379 3905 527 3976 utrumque
539 3915 557 3956 a
571 3897 679 3956 Graeco
699 3897 811 3955 ductum
824 3900 875 3973 sit,
897 3900 934 3955 ad
948 3917 1009 3957 earn
1024 3899 1159 3960 rationem
1173 3917 1218 3960 re-
1373 3895 1374 3985 l

100 3985 263 4068 ttnurpnt,
281 3991 315 4042 ut
325 3979 438 4064 πατρός
450 3977 557 4062 patris,
578 3973 698 4060 κάπρου
713 3986 774 4060 apri
789 3983 880 4044 iaciat.
924 3981 975 4044 llla
992 3987 1086 4046 tamen
1102 4006 1217 4066 quomo-

174 4217 176 4226 ,
207 4167 258 4230 55.
273 4167 380 4236 domne]
398 4168 480 4220 Recte
495 4165 591 4218 Bnttm.
606 4163 710 4219 coniicit
723 4165 845 4238 scriptum
861 4169 941 4226 inisse
953 4171 1056 4227 lrurnns:
1098 4165 1103 4180 ⁸

1371 4251 1372 4286 l

1231 4291 1372 4416 -l
