2788 4452
134 11 146 44 ἱ
187 59 191 72 a

154 169 234 276 aa
438 209 479 272 n.
505 209 969 311 aaa.·ou1nr1amnr
1080 245 1142 290 a

102 384 103 388 ’
148 387 225 446 ¹qnae
241 367 305 452 qriia
319 373 348 426 ct
368 367 446 447 ipsae
460 375 532 429 artes
547 375 628 442 sunt,
651 374 679 426 et
700 386 761 427 esse
775 369 915 448 perfectae
937 368 996 428 sine
1013 367 1247 435 omniscientis

153 474 210 513 non
222 459 354 530 possunt,
376 472 428 512 nec
441 473 534 513 rursus
547 455 585 512 ad
605 453 781 514 efficiendum
797 459 936 514 oratorem
951 453 1017 512 satis
1037 455 1131 514 valent
1145 456 1239 530 solae3

128 553 191 605 san
205 540 260 598 sint
272 537 337 597 huic
351 539 430 617 operi
442 539 629 613 necessariae,
651 540 802 616 quaeritur.
837 537 912 598 Nam
926 539 1011 616 quid,
1034 541 1179 617 inquiunt,
1201 543 1239 600 ad
1302 606 1310 620 ,

125 697 128 704 ¹
154 625 291 702 agendam
311 641 436 697 causam,
457 625 636 688 dicendamve
656 624 821 684 sententiam
840 625 976 702 pertinet,
998 625 1083 698 scire,
1106 623 1241 703 quemad}

153 711 265 770 modum
280 709 310 766 in
322 709 389 768 data
397 709 470 774 linea
484 709 614 774 constitui
626 708 765 786 triangula
780 707 877 794 aequis
889 708 1021 794 lateribus
1033 710 1163 788 po'ssinti
1183 713 1240 772 Ant
1267 755 1272 762 .

154 815 210 872 quo
226 793 320 853 melius
334 791 379 853 vel
393 795 631 868 damnarem,
653 795 697 856 rel
711 799 792 870 reget
805 793 934 870 consilia,
957 795 1005 871 qui
1019 796 1141 858 citharae
1155 816 1239 857 sonos

126 877 307 943 inominibus
327 885 357 940 et
378 881 475 957 spatiis
493 878 669 940 distinxerit?
690 879 862 960 Enumerent
885 880 969 938 etiarn
988 881 1106 940 fortasse
1126 882 1256 958 multos·

152 965 302 1044 quamlibet
319 964 401 1024 utiles
420 965 499 1040 foro,
520 965 568 1042 qui
588 985 641 1024 nec
658 966 828 1024 Geometren
849 963 1019 1038 audiverint,
1040 966 1295 1043 neclllusicos,1ot

67 1049 84 1098 -’
151 1053 204 1110 nisi
217 1051 271 1110 hac
289 1051 426 1109 communi
438 1051 581 1129 voluptate
594 1051 710 1124 aurium,
726 1049 890 1126 intelligant.
914 1108 917 1126 ‚
933 1049 1040 1118 Quibus
1053 1071 1107 1128 ago
1118 1054 1236 1130 primum

57 1167 63 1174 ·
150 1139 204 1196 hoc
218 1137 384 1215 respondeo,
407 1138 528 1213 quod‘et
539 1133 580 1194 Μ.
597 1137 696 1195 Cicero
718 1137 821 1213 scripto
842 1136 879 1192 ad
891 1133 1010 1198 Brutrsm
1022 1135 1093 1195 libro
1106 1137 1238 1215 frequen-
1258 1179 1266 1194 ,

150 1225 203 1280 tias
219 1217 356 1294 testatur,
381 1241 438 1280 non
457 1240 551 1281 euma
569 1221 650 1279 uobis
668 1222 777 1280 institui
791 1227 949 1294 oratorem,
971 1221 1018 1297 qui
1030 1223 1081 1296 sit,
1113 1229 1162 1280 aut
1176 1227 1236 1284 fue-
1300 1261 1303 1270 ‚

149 1310 187 1365 rit
195 1307 207 1367 :¹
224 1309 275 1367 sed
291 1307 440 1383 imaginem
457 1307 597 1384 quandam
611 1309 771 1386 concepisse
786 1320 838 1364 nos
851 1306 944 1363 auimo
960 1308 1077 1383 perfecti
1093 1307 1179 1382 illius,
1202 1328 1236 1368 ex

125 1393 224 1452 finrdla
244 1399 324 1471 parte
348 1394 487 1452 cessantis.
518 1389 605 1474 ,Nam
624 1400 655 1452 et
678 1393 832 1472 sapientem
851 1393 1099 1466 formanteseum,
1129 1395 1177 1470 qui
1196 1395 1236 1452 sit

149 1481 256 1538 futurus
268 1484 469 1538 consummatus
483 1478 620 1554 undique,
643 1485 672 1538 et
680 1522 689 1551 ,
711 1483 744 1535 ut
758 1478 868 1548 dicunt,
889 1471 1013 1534 mortalis
1027 1479 1139 1553 quidam
1155 1480 1234 1552 dens,

148 1583 205 1622 non
220 1566 304 1622 modo
320 1565 481 1640 cognitione
500 1563 658 1624 coelestium
674 1553 719 1623 vel
736 1561 893 1622 mortalium
913 1568 1014 1639 putant
1028 1564 1234 1634 instruendum

59 1713 62 1721 ,
149 1651 199 1709 scd
212 1670 263 1728 per
279 1651 417 1726 quaedam
433 1668 607 1729 parvamne,
629 1651 652 1708 si
668 1650 729 1728 ipsa
740 1649 850 1706 demum
862 1649 999 1720 aestimes,
1022 1649 1141 1722 dumnt,
1155 1650 1233 1708 sicut

149 1737 299 1812 exquisitas
313 1736 421 1795 interim
435 1735 642 1810 ambiguitates:
664 1753 722 1792 non
735 1734 801 1809 qnia
821 1732 962 1792 Ceratiuae
982 1740 1031 1790 aut
1045 1733 1234 1794 Crocodols'nue

148 1822 258 1898 possint
270 1822 360 1878 facere
377 1821 548 1897 sapientem,
566 1821 618 1878 sed
634 1820 698 1897 quio
712 1817 831 1877 illumne
847 1819 876 1876 in
888 1818 1007 1878 miniariis
1023 1819 1135 1895 quidem
1147 1839 1233 1899 opor-

125 1912 142 1962 6
150 1913 209 1964 teat
222 1905 289 1972 salli.
333 1905 466 1964 Similiter
479 1911 633 1980 oratorem,
655 1907 703 1982 qui
722 1904 808 1962 debet
822 1923 881 1963 esse
896 1903 1022 1980 sapiens,
1043 1907 1101 1964 non
1112 1905 1235 1965 Geome-

148 1999 204 2050 tres
216 1992 314 2066 faciet,
337 1996 385 2049 aut
396 1989 534 2066 Massicus,
558 2009 687 2068 quaeqae
702 1990 745 2048 his
760 1988 816 2046 alia
828 1990 1008 2064 subiungam3
1030 1990 1081 2048 sed
1093 1987 1147 2050 hae
1164 1987 1235 2068 quo-

148 2097 203 2154 qne
223 2083 312 2152 artes,
337 2081 369 2134 ut
384 2077 420 2134 sit
432 2083 632 2137 consummatus
640 2118 650 2150 ,
671 2076 810 2134 iuvabrmt.
837 2073 900 2133 Nisi
914 2076 988 2134 farte
1002 2076 1157 2134 antidotum
1172 2077 1234 2152 qui-

147 2164 226 2236 dem,
250 2169 335 2239 atque
353 2162 421 2236 alia,
446 2182 518 2241 quae
538 2163 640 2222 morbis
660 2166 709 2222 aut
724 2159 878 2220 vulneribus
897 2160 1061 2244 medentur,
1085 2180 1119 2221 ex
1139 2161 1291 2220 multis1⁰³

147 2255 234 2325 atque
255 2249 366 2308 interim
386 2249 531 2308 contrariis
551 2268 665 2325 quoqne
682 2249 755 2306 inter
776 2265 807 2305 se
828 2247 987 2320 effectibus,
1010 2249 1139 2326 componi
1156 2247 1235 2308 vide·

146 2351 222 2411 mus,
245 2351 361 2409 quorum
375 2351 410 2392 er
425 2335 539 2392 diversis
551 2334 584 2391 fit
596 2333 643 2392 illa
654 2335 773 2393 mixtura
788 2350 859 2404 una,
882 2351 961 2409 quae
974 2330 1041 2390 nulli
1052 2352 1146 2392 earum
1158 2333 1234 2392 simi-

80 2418 84 2426 ’
148 2417 181 2476 lis
193 2424 250 2490 est,
273 2418 371 2494 quibus
386 2424 512 2493 constat,
536 2420 586 2477 sed
596 2419 724 2497 proprias
736 2418 809 2475 vires
823 2436 857 2476 ex
870 2418 997 2476 omnibus
1012 2419 1110 2489 sumit3
1132 2425 1161 2478 et
1172 2437 1233 2476 mu·

122 2511 177 2565 7ta
188 2503 316 2568 animalia
336 2502 424 2562 mellis
439 2503 513 2562 illum
534 2503 723 2562 inimitabilem
739 2502 875 2561 humanae
894 2503 995 2560 rationi
1016 2522 1162 2581 saporem,
1184 2521 1232 2562 ra·

147 2589 189 2647 rio
202 2591 300 2648 florum
314 2607 348 2648 ac
362 2607 501 2650 succurram
520 2609 625 2670 genere
643 2589 806 2667 perficiunt:
826 2605 878 2645 nos
894 2588 1068 2662 mirabimur,
1092 2590 1115 2646 si
1129 2589 1231 2661 oratio,

147 2694 203 2752 qua
216 2675 284 2733 nihil
295 2675 481 2754 praestantius
490 2675 595 2734 homini
611 2674 691 2740 dedit
703 2673 888 2752 providentia,
899 2671 1022 2751 plruibus
1033 2674 1136 2732 artibus
1149 2680 1232 2750 eget3

149 2779 236 2838 quae,
259 2762 342 2820 etiarn
358 2780 420 2820 cum
436 2779 466 2820 se
479 2779 537 2831 non
549 2762 701 2820 ostendunt
715 2761 745 2817 in
765 2759 902 2836 dicendo,
923 2777 977 2818 nec
993 2761 1156 2838 pmierunt,
1177 2759 1231 2818 vim

123 2851 246 2928 ttamen
263 2846 397 2906 occultam
421 2852 593 2922 suggerunt,
624 2851 653 2905 et
671 2845 775 2904 tacitae
794 2862 907 2921 quoque
932 2845 1097 2904 sentiuntur.
1140 2887 1159 2919 ,‚
1167 2845 1233 2903 Fuit

146 2930 244 3007 aliquis
258 2932 318 2990 sine
328 2931 372 2990 his
385 2933 547 2990 disertus':“
570 2937 602 2990 at
616 2949 672 3006 ego
688 2937 828 2990 oratorem
835 2929 908 2990 volo.
951 2927 1040 3002 „Nou
1054 2930 1167 2988 multum
1181 2930 1231 2986 ad·

73 3077 77 3090 ,
146 3016 283 3074 iiciunt:“
298 3017 355 3076 sed
368 3018 464 3095 utique
478 3035 537 3075 non
549 3017 604 3076 erit
615 3022 724 3091 totum,
746 3015 791 3075 cui
804 3013 848 3074 vel
861 3033 948 3094 parra
959 3015 1093 3073 deerunt:
1117 3018 1147 3073 et
1156 3014 1231 3092 opti-

146 3119 221 3160 mum
240 3101 353 3178 quidem
376 3101 430 3162 hoc
449 3121 509 3162 esse
528 3102 692 3170 conveniet:
709 3092 793 3161 'uuus
813 3100 921 3160 etiamsi
944 3100 972 3158 in
988 3099 1076 3158 arduo
1093 3119 1157 3180 spes
1176 3105 1230 3172 est,

98 3201 108 3220 ·
146 3203 197 3245 nos
211 3192 305 3247 tamen
322 3187 521 3268 praecipiamus
543 3187 651 3260 omnia,
673 3193 705 3248 ut
721 3187 820 3248 saltem
827 3186 912 3268 plura
924 3182 1002 3246 liant.
1046 3187 1107 3248 Sed
1120 3205 1168 3246 cur
1181 3186 1231 3246 da·
1247 3193 1253 3204 '

19 3456 25 3469 ‘
61 3435 63 3440 ¹
146 3444 237 3496 metria
250 3444 411 3513 cogitentur,
430 3443 647 3512 secundariaeq‘ue
659 3445 744 3510 artes,
767 3459 832 3514 quas
851 3443 915 3495 haec
930 3447 1003 3496 aetas
1016 3441 1117 3495 etiamsi
1130 3437 1228 3492 didice-

145 3514 196 3576 rit,
214 3531 342 3584 nunquam
354 3525 439 3568 tamen
453 3515 600 3568 certaminis
612 3513 693 3566 saciet
707 3512 854 3582 periculum.

214 3585 229 3644 θ
246 3583 272 3636 4.
290 3585 327 3636 ad
338 3583 465 3650 Brutum]
484 3584 559 3637 Orat.
575 3601 598 3637 c.
614 3583 638 3639 1.
656 3589 683 3634 et
697 3583 739 3636 29.
776 3638 783 3656 Ι

216 3651 271 3715 §6.
289 3653 396 3720 aarum]
418 3653 528 3706 Etiamsi
544 3649 700 3722 praecedens
716 3669 823 3720 quornm
843 3650 877 3706 ad
895 3649 1029 3719 affectibus
1048 3647 1073 3700 h.
1096 3663 1121 3698 e.
1141 3643 1230 3711 rebus,

146 3735 214 3790 quae
228 3719 291 3790 quid
307 3721 434 3788 officiunt,
453 3722 542 3776 autad
556 3730 678 3774 neutrum,
691 3723 779 3775 multis
792 3719 887 3775 referri
902 3717 1014 3789 poterit3
1032 3733 1122 3770 aarum
1137 3723 1231 3776 mnan.

145 3789 216 3860 quod
228 3790 257 3842 in
269 3789 384 3844 omnibns
400 3791 465 3845 illes.
479 3791 590 3860 legitur,
613 3790 679 3842 ferri
692 3807 725 3842 ne
744 3792 797 3855 uit,
821 3789 871 3843 nisi
889 3787 1019 3870 inteiligas
1035 3792 1082 3840 sut
1100 3787 1229 3840 imrnemo-

146 3876 200 3912 rem
212 3859 355 3930 superioris
368 3859 502 3915 locutionis
516 3858 705 3922 Quintilianum
726 3807 824 3923 luisse,
843 3859 918 3928 quasi
940 3857 1088 3926 scripsisset
1099 3874 1130 3908 er
1143 3855 1231 3910 multis

145 3931 219 3984 rebus
235 3947 281 3982 seu
305 3931 392 3983 barbis
417 3929 499 4000 (quod
521 3927 606 3980 Wolff
623 3943 669 3995 pro
693 3928 826 3994 effectibm
846 3928 1011 3982 scribendum
1034 3923 1228 3986 esseconiecit,

146 4011 291 4066 quanquam
306 4001 470 4068 repugnabat
483 3997 604 4066 qaroraun)
620 4003 668 4048 urit
682 4013 780 4061 curam,
798 4005 827 4050 ut
841 3996 959 4066 equidem
972 4014 1081 4056 canoas.
1100 3993 1231 4065 sequentis

146 4065 219 4116 roais
229 4070 297 4119 uires
310 4085 390 4136 genus
407 4083 552 4135 occupare,
570 4071 598 4122 et
612 4082 669 4116 esso
683 4064 716 4116 ad
730 4083 819 4120 cumen
837 4065 1032 4140 intelligendum
1049 4065 1153 4120 uirium.
1190 4063 1231 4115 lta

145 4133 215 4185 circo
226 4136 316 4189 eodem
329 4135 387 4190 iure
400 4137 538 4198 dicuntur,
556 4150 608 4204 qno
623 4135 737 4204 qffectua.
1179 4137 1183 4152 '
