2774 4444
381 141 747 246 rusmonnroa
774 179 860 262 nro.
881 181 931 258 m,
951 185 981 250 a.
1104 153 1113 269 ζ
1163 145 1234 279 ἰω
1261 157 1267 188 ²

49 391 55 400 .
148 285 216 416 dala,
234 333 361 409 coum,
377 310 573 412 (2.erde
591 337 662 394 omrai
678 295 867 414 oupa'o'ora:
895 333 970 392 doaso
988 338 1029 394 est
1048 309 1166 412 aarum
1183 355 1235 396 amr
1319 402 1323 416 ἦ
1372 293 1375 310 ⁴

147 421 222 482 modo
244 421 347 480 sudum
373 419 410 480 ad
431 419 543 495 tellum,
574 419 620 479 sod
639 440 672 480 ae
691 421 728 482 od
745 423 879 480 minimam
897 419 1001 499 quidem
1022 419 1085 483 belli
1104 424 1234 501 suspicio·
1296 497 1298 504 y
1322 429 1328 442 ‘

146 523 229 580 acm,
242 514 295 578 etc,
635 567 643 578 ,
686 557 691 564 .
1253 555 1256 567 r

91 583 154 654 ata‘
190 638 194 646 ,
236 589 377 658 Credibilis
389 596 483 650 autem
493 590 546 650 erit
557 591 679 654 narratio
694 595 760 656 aute
774 591 882 664 omnia,
895 593 922 676 si
929 593 1005 670 prius
1018 591 1277 660 consuluerimus52
1304 627 1309 638 ι

149 682 275 743 nostrum
290 678 423 749 animum
438 695 475 735 ne
488 676 557 754 quid
570 682 685 736 naturae
699 677 820 736 dicamus
833 679 994 750 adversum3
1015 678 1119 738 dende
1132 678 1156 736 si
1169 696 1235 736 cau·
1305 721 1312 730 .

84 787 106 812 ·.
149 781 197 826 sss
216 780 249 820 ac
267 757 388 821 rationes
408 763 489 820 factis
507 763 763 842 praeposuerimus,
784 773 842 820 nou
856 763 1000 838 omuibus,
1021 764 1072 822 sed
1086 763 1234 839 dequibus

150 847 306 926 quaeritur3
333 848 358 906 si
375 866 509 926 personm
526 847 720 907 convenientes
740 848 791 921 iis,
821 867 893 924 quae
915 849 990 906 sacta
1010 847 1085 928 credi
1101 847 1234 923 volemus,
1312 868 1314 874 ·

148 933 383 1006 wastituerimus,
400 932 479 1011 surii
495 951 585 1007 rcum,
605 931 746 1010 cupidum
772 931 916 1008 adulterii,
939 933 1124 1002 libidinosum
1149 932 1235 992 loui-
1335 937 1341 944 ’

34 1025 57 1058 ”
147 1017 230 1093 cidii,
252 1021 435 1088 temerariums
454 1019 498 1078 vel
511 1024 621 1091 canna,
640 1019 662 1076 si
675 1019 870 1077 defendemus:
892 1025 1037 1098 praeterea
1049 1018 1111 1076 loca
1119 1023 1153 1078 et
1163 1023 1235 1078 tam-
1266 1007 1275 1022 “

79 1131 83 1139 ·
145 1123 216 1183 poa
230 1089 313 1163 aab
327 1103 440 1178 simula„
462 1093 621 1164 nicanum
636 1104 953 1180 quinametauuusra
967 1104 1121 1176 aaronis,
1143 1101 1305 1180 quaesta·

146 1190 176 1249 iu
191 1189 339 1249 comoediis
353 1191 453 1264 etiam,
476 1195 506 1249 et
518 1190 548 1246 in
561 1189 658 1248 mimis.
667 1219 690 1254 ς
701 1187 803 1265 Aliqua
819 1190 893 1248 euim
906 1189 1070 1270 manualiter
1081 1194 1235 1266 sequuntur

146 1281 176 1336 et
188 1271 355 1349 abactam,
375 1281 423 1348 ut,
446 1274 469 1333 si
484 1274 556 1332 bene
572 1275 666 1352 priora
678 1274 846 1348 narraveris,
868 1275 951 1334 iudex
962 1276 1037 1354 ipse,
1059 1275 1137 1350 qaod
1156 1278 1235 1357 party

13 1417 14 1424 ,
64 1405 65 1410 1
146 1378 181 1420 aa
202 1361 239 1420 sis
260 1366 419 1418 narraturus
442 1364 592 1436 exspectet.
634 1357 681 1419 Ne
695 1358 763 1420 illud
776 1359 886 1435 quidem
899 1359 1106 1434 fineritiuutn'le,
1128 1359 1285 1432 seminaid‘

98 1497 105 1509 ,
146 1445 285 1521 quaedam
297 1445 489 1522 probationum
503 1461 649 1520 spargere:
670 1461 766 1502 verum
780 1445 834 1515 sic,
855 1446 1084 1506 utnarrationem
1099 1464 1161 1506 esse
1175 1464 1234 1504 me-

145 1529 321 1602 minerimus,
342 1549 399 1588 nou
412 1527 613 1607 probationem.
641 1526 849 1604 Nonnunquam
863 1527 947 1588 etiam
960 1536 1055 1592 tamen
1069 1535 1235 1607 argumento

146 1611 238 1691 aliquo
253 1613 488 1686 confirmabimus,
509 1613 586 1689 qaod
598 1613 838 1692 proposuerimus,
860 1609 911 1674 se'd
923 1613 1040 1694 simplici
1054 1621 1083 1674 et
1095 1615 1188 1674 brevi:
1202 1620 1243 1673 nt·

146 1700 178 1758 in
190 1699 349 1774 veneficiis,
363 1698 462 1758 -Samus
475 1698 556 1773 bibit,
577 1701 670 1758 statim
693 1697 825 1772 concidit,
846 1698 916 1758 licor
934 1719 968 1758 oc
989 1705 1074 1760 tumor
1094 1699 1235 1777 confestim

49 1835 53 1840 .
146 1786 348 1844 estimaretur.
390 1784 454 1844 Hoc
472 1785 576 1844 saciuut
596 1790 626 1843 et
646 1782 709 1843 illae
732 1785 975 1863 praeparationes,
1005 1805 1065 1850 cum
1087 1806 1147 1846 reus
1164 1785 1278 1854 dici-55
1332 1837 1335 1844 ,

146 1874 193 1928 tur
209 1869 347 1944 robustus,
376 1875 525 1945 armatus,
538 1868 686 1942 sudata,
707 1875 800 1928 contra
818 1871 950 1949 infirmos,
975 1873 1099 1946 tuamor,
1119 1891 1233 1932 securos.
1306 1903 1310 1916 »

83 1953 249 2016 attOmuia
261 1956 396 2032 denique,
419 1975 491 2032 quae
511 1955 678 2034 probatione
697 1956 843 2018 meaturi
861 1972 972 2033 sumus,
990 1977 1145 2034 personum,
1166 1975 1251 2038 cau-0
1335 1947 1340 1957 ⁸

146 2058 218 2118 mon,
239 2039 340 2114 locum,
362 2045 478 2118 tempus,
505 2044 720 2111 iactrummtam,
749 2043 925 2114 occasionum,
952 2043 1109 2102 narratione
1128 2042 1245 2105 deliba*¹
1270 2069 1298 2080 -·

115 2191 123 2204 ,
144 2125 243 2188 bimus.
286 2123 460 2201 Aliquando,
483 2125 506 2183 si
527 2125 653 2184 destituti
669 2124 799 2184 fuerimus
812 2125 871 2198 bis,
893 2124 978 2185 etiam
989 2127 1154 2200 fatebimur,
1179 2126 1277 2196 Vix56

145 2231 199 2272 erm
211 2208 350 2281 credibile,
371 2209 532 2283 sodomum,
546 2215 579 2270 ‚et
598 2208 648 2266 loc
669 2212 758 2268 moins
776 2209 922 2270 ludendum
940 2209 1044 2280 'ecclam
1064 2214 1163 2270 mscire
1175 2230 1234 2286 aar,

145 2295 272 2376 quomodo
286 2294 397 2372 socium
417 2297 469 2370 sit,
500 2299 550 2353 cut
570 2313 666 2373 quarm·
694 2298 802 2368 mirari,
830 2295 876 2354 rod
887 2295 1055 2374 probaturos.
1099 2297 1232 2376 Optimae
1240 2311 1301 2367 57,

143 2400 211 2442 vero
226 2381 454 2462 praeparationes
471 2388 569 2456 erunt,
592 2399 664 2458 quae
677 2377 824 2455 latuerint,
845 2388 876 2440 ut
897 2399 914 2439 a
932 2381 1068 2442 Cicerone
1088 2389 1154 2442 suat
1171 2381 1234 2459 qui·

27 2493 30 2498 ·
145 2468 209 2528 dem
223 2457 367 2526 utilissime
379 2468 522 2545 praedicta
537 2466 644 2539 omnia,
665 2485 717 2544 per
732 2486 804 2544 quae
819 2463 921 2527 Miloni
933 2465 1057 2542 Clodius,
1074 2485 1126 2525 nom
1140 2467 1233 2528 Clodio
1259 2497 1263 2502 ·

26 2561 30 2570 '
59 2579 64 2585 ·
144 2550 220 2614 Milo
234 2552 380 2612 iamdictus
401 2574 463 2614 esse
480 2554 622 2612 videatur:
646 2551 792 2628 plurimum
805 2557 899 2614 tamen
919 2553 985 2610 facit
999 2551 1233 2622 illocallidisrima
1311 2617 1313 2624 ,

12 2643 16 2650 ’
144 2635 324 2715 simplicitatis
337 2639 467 2696 imitatio:
489 2635 562 2696 Milo
575 2643 680 2709 cutem,
702 2655 762 2694 cum
774 2640 803 2694 ia
815 2641 908 2694 semota
915 2634 1018 2713 suisset
1031 2655 1060 2693 eo
1072 2635 1130 2708 die,
1144 2635 1234 2714 quood
1339 2647 1345 2654 ·

70 2748 74 2754 ’
144 2727 253 2782 semotus
264 2728 301 2780 est
314 2720 453 2796 dimissus,
469 2721 573 2779 domum
587 2723 675 2796 uenit,
688 2719 790 2780 calceos
801 2727 827 2779 ct
840 2723 997 2790 uestimento
1010 2724 1143 2795 mutauit,
1157 2740 1237 2798 pom.

144 2807 241 2886 liopcr,
263 2806 325 2864 dum
343 2825 370 2863 se
389 2825 472 2884 uuor,
494 2807 589 2884 utfit,
611 2812 763 2884 comparat,
785 2811 956 2876 commoratur
968 2812 1015 2864 cst.
1057 2806 1149 2874 Quam
1163 2803 1231 2864 nihil
1280 2883 1282 2888 ,
1313 2879 1317 2888 ,

143 2883 327 2973 praeparato,
348 2892 416 2950 nihil
432 2892 563 2962 tesfinato
583 2891 682 2950 fecisse
699 2891 809 2950 videtur
827 2891 911 2966 Milo!
955 2891 1041 2959 Quod
1063 2911 1120 2948 nou
1141 2890 1230 2950 solum
1238 2894 1282 2960 58'

145 2978 227 3038 rebus
247 2977 313 3055 ipsis
332 2976 375 3035 vir
393 2976 649 3053 eloquentissimus,
673 2976 773 3053 quibus
784 2995 875 3034 moras
888 2982 918 3036 et
934 2975 1039 3035 lentum
1051 2977 1230 3055 profectionis

144 3063 270 3124 ordinem
290 3062 380 3136 ducit,
403 3063 453 3121 sed
472 3062 566 3122 verbis
585 3053 669 3120 etiam
687 3061 844 3138 vulgaribus
865 3069 895 3124 et
911 3062 1094 3138 quotidianis,
1119 3069 1154 3122 et
1169 3067 1231 3122 arte

145 3147 252 3206 occulta
271 3153 433 3209 consecutus
457 3155 609 3225 estrquac
630 3146 653 3206 si
675 3146 755 3206 aliter
775 3148 850 3206 dicta
870 3154 979 3222 essent,
1005 3150 1123 3226 strepitu
1137 3149 1231 3224 ipsum

145 3231 264 3293 iudicem
286 3232 324 3288 ad
351 3234 563 3308 custodiendum
583 3239 731 3310 patronum
750 3233 924 3292 excitassent.
967 3231 1083 3308 Frigida
1100 3232 1230 3290 videntur
1237 3245 1274 3300 59

144 3319 199 3378 ista
212 3317 365 3397 plerisque:
385 3320 437 3378 sed
453 3319 506 3390 hoc
525 3319 701 3376 manifestum
719 3324 776 3390 est,
788 3313 939 3395 'quomodo
956 3318 1074 3376 iudicem
1091 3315 1231 3390 fefellerit,

145 3404 222 3484 quod
241 3403 288 3461 vix
308 3419 326 3460 a
344 3401 448 3464 lectore
464 3403 689 3484 deprehenditur.
731 3403 811 3464 Haec
824 3409 905 3478 sunt,
926 3421 998 3480 quac
1011 3400 1172 3462 credibilem
1187 3401 1250 3484 fas

145 3548 357 3572 ...q-..—

212 3624 282 3689 §53·
300 3622 446 3692 mmmm
460 3612 576 3742 dmtb
595 3620 641 3674 Sic
652 3621 742 3691 Spald.
755 3639 771 3674 o
784 3619 876 3674 Turio.
895 3624 922 3674 et
934 3619 1024 3689 Qamp.
1058 3618 1231 3689 Aliipuidam
1337 3657 1341 3666 .

18 3749 23 3752 ,
143 3691 226 3745 otiam
239 3693 339 3746 duam
374 3691 441 3754 Alii,
459 3698 490 3744 ut
505 3691 548 3744 Go
577 3692 706 3759 ‚quidam
719 3693 867 3746 conducam.
891 3689 933 3744 Ita
946 3697 1039 3742 naama
1056 3689 1149 3759 partia
1163 3706 1232 3759 opu·

143 3759 249 3813 videtur
270 3759 357 3822 mirre.
392 3761 444 3814 mc
456 3761 549 3814 ductui
568 3761 608 3813 rei
621 3762 691 3814 arod.
706 3777 761 3824 ¹nou
779 3777 873 3813 novam
889 3757 991 3830 quidem
1004 3759 1162 3812 namatiouir
1181 3775 1230 3824 ge-
1252 3762 1256 3769 '

143 3845 208 3895 nar,
226 3828 272 3881 red
285 3830 342 3900 ipsa
358 3831 487 3895 narratio,
505 3835 632 3900 quatenus
646 3827 672 3882 in
686 3847 717 3884 ea
731 3829 840 3884 effectus
854 3847 885 3882 ex
899 3829 983 3882 causis
995 3827 1111 3892 ducitur,
1129 3833 1158 3880 at
1170 3839 1231 3880 mox
1274 3875 1276 3882 ,

144 3898 196 3960 ait,
221 3901 388 3955 maura,
421 3900 475 3952 Sed
490 3906 575 3952 tamen
587 3899 630 3952 bic
642 3898 700 3973 ipsc
715 3898 848 3954 facilitatis
861 3901 961 3953 fructus
978 3896 1158 3952 enarratione
1172 3899 1231 3948 erat

141 3965 343 4094 fflnffiquffflgm
354 3967 491 4088 particula
503 3978 531 4024 ct
551 3985 578 4024 v.
592 3971 690 4039 amora,
715 3986 861 4041 quenquam
871 3973 981 4038 utraque
995 3964 1120 4022 racadu
1139 3960 1231 4020 aaa.
1251 3967 1253 3972 ’

214 4053 231 4089 n
269 4075 275 4089 .
311 4054 375 4090 ees.

211 4107 286 4177 557.
302 4106 436 4175 imitatio]
454 4105 509 4160 cie.
524 4123 571 4177 pro
583 4107 641 4164 Mil
657 4125 679 4162 c.
689 4109 732 4166 10.
