2788 4452
147 257 191 320 eo
257 225 262 232 ’
424 223 427 230 ’
458 248 499 314 n.
528 253 626 314 ran.
659 253 977 342 Qurnrrnmrur

151 409 261 484 Castor,
283 374 377 470 literas
392 409 461 469 exit:
483 413 513 469 et
527 413 558 467 ut
570 403 699 468 Palantia
717 426 750 470 ac
765 409 874 470 Telamo
889 417 917 472 et
928 411 1011 472 Plato
1024 415 1103 491 (nam
1121 417 1160 476 sie
1175 433 1237 478 enm
1306 399 1311 406 ²

150 497 249 555 Cicero
273 512 384 572 quoque
403 493 547 573 appellat)
561 526 563 536 ·
577 489 733 554 dicerentur
739 539 748 569 ,
767 498 969 558 retinuerunt:
990 501 1070 577 'quia
1094 501 1235 577 Latinum,

3 601 4 606 ¹
108 591 139 644 61
150 583 226 660 quod
238 601 253 638 u
264 587 320 640 eta
335 580 421 639 literis
438 579 577 654 finiretur,
601 595 657 638 non
672 582 855 658 reperiebant.
897 583 944 644 Ne
954 586 982 642 in
995 605 1013 644 a
1026 587 1139 663 quidem
1152 595 1237 666 atque

3 667 4 688 ³
31 731 34 738 ⁴
106 673 109 686 ‘
150 667 268 726 aliteras
288 668 362 725 exire
374 671 480 738 temere
493 665 642 724 masculina
663 667 770 726 Graeca
788 668 901 726 nomina
918 675 994 728 reeta
1014 689 1079 731 casu
1093 676 1237 751 patieban-

149 761 209 825 tur;
230 753 350 828 ideoque
365 756 394 809 et
411 751 487 829 apud
505 749 630 810 Caelium
650 751 782 827 legimus,
806 752 885 812 Pelia
902 754 1094 816 Ciaccimatas:
1118 765 1146 819 et
1163 761 1238 838 apnd

3 863 5 870 >
61 879 64 890 .
149 836 313 910 Messalam,
337 833 410 894 Bene
423 835 495 914 feeit
514 835 639 894 natta:-
667 844 696 896 et
716 839 793 914 apud
812 839 976 899 Ciceronem
993 840 1178 920 Hermagora:
1201 863 1238 904 ne

149 924 293 996 miremur,
317 923 394 998 quud
407 923 444 978 ab
457 923 632 998 antiquorum
649 922 790 1001 plerisque
807 923 896 983 Aenea
911 932 939 985 et
953 927 1071 987 Anchisa
1089 931 1126 987 sit
1138 931 1236 988 dietus.
1265 956 1268 992 3

3 1073 4 1078 ἵ
108 1003 224 1068 GlNam
244 1009 272 1065 si
284 1013 315 1064 ut
328 1006 489 1081 Maecenas,
514 1007 660 1083 Suffenas,
682 1008 816 1085 Armanas
837 1011 1008 1086 dicerentur,
1031 1015 1153 1090 genitivo
1173 1015 1278 1072 castita

150 1093 338 1166 no'nelitera,
361 1093 411 1150 sed
424 1096 460 1150 tia
474 1092 578 1168 syllaba
597 1094 818 1152 terminarentur.
859 1094 931 1155 lude
944 1097 1059 1175 Olympo
1079 1107 1107 1158 et
1125 1105 1238 1177 tyranno
1306 1093 1341 1172 ‘-

150 1185 257 1238 aoniam
276 1179 395 1236 mediam
413 1177 545 1254 syllabam
568 1178 719 1251 dederunt,
743 1179 808 1254 (pria
827 1180 934 1238 duabus
949 1181 1039 1258 langas
1057 1186 1236 1260 sequentibus

41 1321 46 1330 ,
107 1265 265 1344 63primam
278 1265 390 1330 brevem
402 1265 461 1322 aeni
474 1269 569 1321 noster
580 1283 669 1323 sermo
689 1283 746 1322 non
762 1266 874 1342 patitur.
918 1263 965 1324 sn
985 1270 1121 1344 genitivus
1134 1269 1238 1327 ,letati

2 1415 3 1422 χ
69 1351 71 1356 ’
150 1355 179 1410 et
193 1347 273 1406 Uliao'
288 1351 370 1422 secit',
392 1350 430 1407 sic
444 1347 497 1406 alia
510 1347 636 1427 plurima.
660 1341 762 1408 'Nunc
775 1351 940 1410 recentiores
955 1345 1132 1412 instituerunt
1145 1354 1276 1412 Grae-69

149 1436 188 1495 cis
206 1434 365 1493 nominibus
386 1434 507 1495 Graecas
522 1433 720 1493 declinationes
736 1436 829 1514 potius
845 1437 927 1495 darc:
950 1439 1132 1514 quod'tameu
1145 1439 1236 1516 ipsum

149 1537 206 1579 non
217 1539 325 1598 semper
340 1520 401 1578 lieri
411 1525 513 1598 potest.
532 1546 535 1554 ·
556 1519 628 1577 Mihi
643 1527 736 1579 autern
749 1520 845 1599 placet
858 1519 988 1582 latinam
1000 1525 1135 1582 rationem
1146 1524 1236 1600 sequi,

122 1647 132 1660 .
149 1625 293 1682 quousque
304 1607 410 1683 patitur
430 1607 535 1664 deuon·
564 1604 666 1681 Neque
685 1607 760 1668 enim
782 1607 837 1663 iam
854 1605 1026 1684 Calypsonem
1048 1609 1176 1681 dixerim,
1205 1615 1246 1668 ul·

149 1689 292 1749 Iaaoaaa:
316 1709 474 1766 quanquam
495 1696 602 1748 secutus
624 1691 752 1765 antiquos
773 1691 806 1748 Ο.
829 1690 935 1747 Caesar
950 1693 1038 1750 utitur
1056 1692 1108 1750 hac
1128 1695 1237 1753 ratione

2 1801 3 1810 ¹
77 1851 78 1860 χ
108 1777 142 1838 64
150 1777 315 1836 declinandi.
360 1777 419 1834 Sed
428 1777 620 1834 auctoritatem
632 1775 802 1834 consuetudo
817 1777 965 1852 superavit.
995 1775 1028 1834 ln
1041 1778 1148 1850 ceteris,
1163 1797 1236 1854 qnae
1289 1837 1292 1844 ,

2 1909 3 1928 ,
149 1868 282 1941 poterunt
292 1867 411 1937 utroque
429 1863 514 1919 modo
527 1877 586 1917 non
599 1859 759 1920 indecenter
772 1860 881 1933 efferri,
905 1861 953 1937 qui
970 1861 1106 1920 Graecam
1118 1863 1237 1938 ligurum
1279 1875 1282 1882 '

87 2005 100 2018 ,
150 1949 229 2025 sequi
241 1943 339 2019 malet,
362 1965 419 2003 non
433 1945 536 2004 Latine
548 1946 676 2022 quidem,
701 1947 751 2004 sed
764 1947 832 2004 eitra
843 1947 1086 2023 reprehensionem
1099 1947 1235 2024 loquetur.

108 2033 141 2091 65
222 2089 223 2094 χ
237 2031 381 2110 Simplices
396 2049 492 2105 voces,
515 2032 605 2109 prima
616 2032 770 2109 positione,
792 2031 823 2088 id
837 2037 880 2088 est
892 2037 991 2089 natura
1005 2051 1070 2107 sua,
1092 2038 1235 2090 constant:

1 2127 3 2191 ξ
85 2119 89 2132 ’
150 2120 336 2197 compositae,
358 2123 407 2176 aut
418 2117 668 2196 praepositionibus
681 2119 900 2193 subiunguntur,
922 2122 952 2175 ut
969 2120 1092 2176 innocens
1105 2118 1187 2194 (dura
1200 2135 1236 2176 ne

149 2203 336 2285 pugnantibus
353 2204 426 2262 inter
436 2223 466 2262 se
480 2203 603 2277 duabus,
627 2203 708 2280 quale
723 2210 765 2263 est
777 2206 984 2282 imperterritam
1005 2201 1108 2280 alioqui
1120 2209 1238 2282 possunt

1 2277 2 2370 ζ
88 2347 91 2356 ,
149 2289 299 2366 aliquando
316 2288 470 2344 continuari
490 2289 577 2359 duae,
600 2293 631 2344 ut
653 2291 857 2366 incompositas,
880 2287 1031 2350 reconditus
1049 2295 1090 2362 et,
1112 2309 1168 2365 quo
1184 2289 1236 2346 ci-

1 2431 2 2442 ,
151 2393 214 2434 cero
226 2374 323 2444 riantur,
345 2371 569 2432 subabsurdami:
591 2378 640 2449 aut
657 2374 793 2432 eduobus
807 2375 885 2449 quasi
898 2373 1056 2452 corporibus
1071 2373 1235 2447 coalescunt,

1 2455 2 2518 i
110 2470 144 2523 66
151 2465 182 2517 ut
193 2458 336 2534 maleficus.
364 2455 439 2514 Nam
457 2473 490 2516 ex
504 2457 593 2514 trihus
606 2464 719 2516 nostrae
736 2458 833 2534 utique
849 2457 960 2534 linguae
971 2448 1028 2515 non
1041 2459 1235 2518 concesserint

1 2545 2 2556 ¹
151 2545 276 2622 quamvls
289 2545 377 2620 capsis
388 2542 487 2600 Cicero
496 2542 577 2616 ¹dicat
591 2544 772 2622 compositum
792 2561 852 2601 esse
867 2563 900 2601 ex
914 2551 978 2620 cape
994 2546 1021 2601 si
1032 2547 1091 2613 aisa
1113 2551 1142 2602 et
1161 2545 1236 2602 inve-

1 2699 2 2706 *
151 2632 280 2703 mantus,
302 2629 350 2704 qui
363 2625 529 2706 Lupercalia
542 2645 631 2704 aeque
645 2635 701 2687 tres
720 2633 812 2704 partes
834 2628 964 2686 orationis
985 2645 1045 2688 esse
1056 2631 1234 2700 contendant,
1245 2641 1277 2686 70

1 2725 4 2780 i
110 2715 322 2794 arquasi'taere
340 2733 388 2793 per
409 2733 535 2792 capram:
568 2728 633 2772 narn
661 2713 837 2772 Solitaarilia
857 2717 914 2772 iarn
934 2733 1095 2792 persuasum
1116 2719 1158 2772 est
1175 2733 1236 2772 esse
1309 2707 1316 2716 ⁴

1 2787 2 2856 i
155 2800 374 2870 Soauetaaa'lia;
400 2806 429 2859 et
446 2817 512 2858 sane
526 2799 565 2856 ito
587 2800 718 2860 sehabet
737 2817 860 2873 sacrum,
890 2798 972 2876 quale
990 2801 1064 2878 apud
1084 2799 1236 2859 Homerum

1 2901 2 2930 i
109 2953 115 2964 μ
152 2905 264 2964 quoque
278 2891 328 2944 est.
374 2885 433 2944 Sed
448 2886 517 2944 haec
536 2903 593 2943 non
608 2891 666 2944 tam
686 2905 719 2944 ex
731 2885 833 2957 trihus,
852 2903 934 2962 quam
949 2904 982 2944 ex
1002 2884 1142 2963 parficulis
1155 2887 1240 2942 trium'

151 2975 258 3030 co'e'unt.
303 2970 434 3027 Cetemm
454 2971 536 3028 ετίαπι
553 2989 586 3032 ex
608 2970 813 3048 praepositione
834 2975 863 3028 et
881 2969 990 3027 duobus
1010 2968 1149 3026 vocubulis
1167 2971 1237 3028 dure

151 3057 262 3115 videaur
272 3055 402 3112 struxisse
413 3051 564 3112 Pacuvius:
1163 3067 1168 3086 ¹

813 3131 898 3196 Nea

1 3274 2 3350 l
112 3313 146 3368 68
153 3223 317 3388 lunfflrblllll
318 3222 765 3368 bblbm'extlbffiebvllb'b
773 3241 913 3386 billbru,
934 3313 966 3366 ut
976 3307 1101 3388 supensus·
1106 3354 1114 3384 ,
1137 3309 1236 3367 eahta-

150 3396 219 3474 faga
242 3397 416 3474 (quanquam
434 3413 468 3453 ex
485 3394 599 3471 integris
614 3411 651 3454 an
671 3396 824 3474 composita
846 3395 917 3468 sint,
940 3396 1114 3474 quaeritin);
1135 3399 1185 3455 aut
1203 3411 1237 3454 ex
1310 3443 1315 3455 .

156 3543 364 3554 *-

224 3618 239 3676 h
254 3617 297 3670 61.
314 3616 386 3684 apud
398 3615 543 3668 Ciceronem
554 3614 793 3686 Hermagora]
811 3613 873 3668 Vid.
888 3612 1026 3668 deiurant.
1039 3611 1062 3676 1,
1076 3616 1102 3675 6,
1112 3613 1139 3668 9.
1154 3617 1182 3664 et
1195 3614 1236 3667 11.
1347 3633 1352 3646 *

155 3683 341 3738 ubiBeutleius
355 3685 452 3753 Opusc.
466 3683 588 3765 philolog.
603 3685 645 3738 ed.
654 3685 725 3755 hips.
739 3703 764 3754 p.
774 3687 834 3740 519.
846 3684 985 3736 Cadit-ihus
1002 3682 1119 3734 omuibus
1132 3681 1237 3734 delendi

155 3741 269 3808 affirmet
288 3753 475 3822 Hermagorae.
510 3753 636 3808 Simditer
655 3771 696 3824 ap.
712 3753 768 3806 cte.
786 3753 912 3817 Archias,
933 3752 1061 3822 Gorgias,
1080 3751 1190 3804 Phidias
1205 3751 1237 3804 al.

101 3863 104 3870 .
143 3863 170 3884 ,.
225 3823 299 3887 §aa
319 3823 394 3874 Nunc
411 3822 565 3874 recentiores
574 3823 759 3889 emanarant]
778 3821 873 3874 Vocem
887 3822 1058 3883 ronanam,
1083 3835 1151 3888 quae
1162 3821 1237 3888 Spal-

157 3892 246 3960 dingio
263 3891 372 3960 glossam
386 3890 456 3942 olere
469 3891 588 3955 videtur,
607 3892 724 3946 defendit
735 3892 820 3959 Serpa
838 3890 865 3941 iu
878 3889 951 3943 Auel.
971 3906 997 3958 p.
1013 3889 1056 3944 52.
1078 3907 1145 3942 auae
1157 3889 1237 3942 inter-

157 3970 263 4029 pretans
279 3962 339 4023 sed,
358 3966 387 4012 ut
399 3959 452 4013 νῦν
464 3959 593 4013 interdum
605 3979 651 4030 pro
668 3957 736 4015 uilici
751 3960 863 4014 dicutur.
1018 4005 1021 4010 .

225 4031 302 4098 555.
322 4029 426 4096 Cicaa]
445 4030 478 4081 de
493 4030 569 4081 Orat.
583 4030 619 4096 Η,
638 4033 680 4086 67.
700 4031 732 4084 ud
750 4033 805 4083 net.
821 4027 894 4094 xvi,
911 4027 937 4083 3.

226 4097 298 4161 566.
320 4101 425 4167 meaa]
445 4096 578 4152 Oratlh.
650 4129 661 4151 ι

226 4168 300 4229 §aa
317 4167 474 4234 Hammon]
497 4165 595 4236 odyss.
613 4167 662 4234 xl,
681 4167 741 4226 1³0.
758 4163 860 4231 xxm,
877 4167 936 4238 277.
