2788 4452
128 187 173 252 aa
213 233 217 242 ,
261 241 281 258 ,,
339 125 937 258 ‚'fsr.sas.aflurur11.·1aus.

107 387 114 403 .
129 341 236 401 tionem
242 337 371 416 sequenti
384 335 592 413 seotmtiaest)
605 335 636 397 in
648 341 730 416 parte
742 349 842 397 verura‘
851 333 971 400 duem.
998 335 1076 400 Nara
1088 337 1217 418 proprie<
1226 341 1282 398 aaa

105 431 204 498 Itates
215 424 389 500 ingenionsm
406 421 547 500 ,dispicere
562 441 675 500 prorsus
693 421 877 484 necessarium
894 427 946 485 est·
988 421 1023 490 In
1041 421 1084 484 bis
1103 442 1217 502 quonum

49 559 55 580 ,
129 516 235 574 eertum
252 509 408 567 studiorum
428 509 519 566 facere
540 506 677 568 deiectmn
697 525 781 566 nemo
800 506 969 568 dissuaserit.
1011 506 1217 586 Namqueerlt

130 589 198 658 aliis
212 594 343 660 historiae
356 593 445 670 magis
458 592 591 667 idoneus,
612 591 681 652 alius
693 590 861 669 compositus
880 593 918 653 ad
929 609 1059 668 armen,
1081 593 1150 654 atius
1163 594 1217 654 uti·

128 681 163 740 lis
176 679 267 740 studio
279 677 360 754 iuris,
381 685 414 752 ut
423 675 548 736 nonnulli
562 697 609 736 rus
623 679 741 737 fortasse
753 677 895 745 mittendi.
933 677 982 740 Sic
998 677 1136 740 discernet
1147 679 1232 744 baec,

131 765 243 826 dicendi
261 765 408 840 magister,
432 783 488 840 qno
508 764 594 820 modo
613 761 858 842 palaestricusilic
879 781 1018 832 cursorem
1040 765 1140 838 saciet,
1167 757 1218 826 alt

109 865 115 874 ·
131 843 269 931 pugilem,
288 855 341 908 aut
362 848 540 922 luctatorem,
572 847 682 908 aliudve
704 848 772 924 quid
794 866 827 906 ex
843 848 892 921 iis,
912 867 986 924 quae
1002 855 1067 909 suut
1078 867 1217 910 sacrorum

67 938 71 946 ’
107 935 319 1010 scertamiuum.
362 929 465 1008 Vcriua
481 931 523 1005 ei,
546 933 594 1009 qui
608 933 669 991 foro
683 932 874 1007 destinabitur,
895 952 955 998 non,
968 933 997 992 in
1012 953 1096 996 unam
1107 941 1218 1014 partem

64 1021 71 1030 '
131 1021 265 1099 aliquam,
286 1020 337 1079 sed
353 1019 383 1078 in
397 1018 505 1092 omnia,
528 1037 600 1095 quae
619 1023 683 1078 sunt
697 1017 755 1079 eius
770 1020 877 1095 operis,
899 1019 1024 1080 etiamsi
1044 1039 1100 1096 quaa
1117 1017 1217 1078 diffiei-
1269 1041 1275 1049 ’
1319 1076 1323 1084 ,

130 1108 200 1166 liora
221 1105 338 1166 ducenti
350 1105 532 1177 videbuntur,
555 1103 752 1162 elaborandum
770 1102 837 1162 est.
862 1101 937 1162 Nam
952 1110 982 1168 et
993 1107 1106 1164 omnino
1122 1121 1219 1185 super-
1380 1167 1381 1178 ,

106 1207 216 1260 9vacua
240 1198 299 1249 erat
315 1191 458 1263 doctrina,
472 1187 509 1267 ,si
532 1193 631 1248 natura
652 1187 798 1248 sufficeret
842 1185 887 1246 An
907 1189 931 1249 si
944 1187 1013 1267 ¹quis
1026 1188 1139 1268 iugenio
1155 1209 1220 1250 cor*
1308 1221 1312 1225 ·
1380 1217 1381 1240 r

13 1293 14 1296 ’
48 1318 54 1328 ,
131 1283 228 1358 ruptus
243 1295 275 1336 ac
290 1276 427 1348 tumidus,
450 1279 481 1331 ut
495 1271 620 1350 plerique
635 1279 715 1346 sunt,
738 1273 891 1350 inciderit„
905 1273 934 1332 in
955 1275 1009 1342 hoc
1023 1296 1087 1350 eum
1106 1269 1148 1336 ire⁴
1164 1295 1217 1354 pa·

133 1358 255 1424 tiemari
288 1361 395 1420 aridum
418 1365 504 1435 atque
524 1360 644 1420 ieiunum
670 1377 727 1416 non
751 1357 873 1432 alemus,
896 1365 925 1420 et
944 1361 1023 1437 quasi
1046 1359 1218 1422 vestierant

131 1447 206 1508 Nam
227 1447 252 1504 si
274 1447 410 1524 quaedam
431 1445 577 1504 detrahere
595 1445 778 1505 necessarium
802 1449 863 1517 cst,
892 1464 940 1504 cur
960 1447 1072 1512 nonsit
1098 1447 1218 1514 adiicere

91 1543 125 1595 10
132 1530 311 1602 cooeessmn‘l
332 1529 433 1610 Neque
451 1548 504 1606 ego
520 1535 617 1588 contra
630 1536 758 1589 naturam
769 1549 873 1607 pugno.
915 1527 983 1590 Non
997 1531 1071 1592 euim
1088 1531 1219 1594 deserem-

133 1621 199 1678 dum
214 1619 244 1675 id
264 1619 385 1689 bonum,
406 1616 431 1674 si
453 1617 530 1693 qnod
547 1615 707 1692 ingenitum,
721 1620 779 1687 est,
809 1613 956 1689 existimo,
978 1617 1029 1676 sed
1048 1619 1218 1698 augendum,

92 1697 437 1778 ttaddendumque.quod
452 1707 549 1760 cessat.
592 1699 638 1758 Aa
651 1719 717 1760 vero
731 1699 891 1758 clarissimus
908 1699 954 1762 ille
974 1709 1140 1780 praeceptor
1158 1701 1218 1760 lao-

35 1787 38 1794 ’
133 1793 238 1861 crates,
260 1806 343 1864 quem
355 1805 413 1844 non
426 1787 516 1864 magis
532 1784 594 1842 libri
610 1785 682 1844 bene
699 1785 818 1859 dixisse,
839 1805 923 1862 quam
939 1786 1064 1866 discipuli
1077 1787 1149 1848 bene
1166 1787 1225 1848 do-.
1248 1837 1251 1844 .

94 1927 96 1930 .
134 1874 222 1935 cuisse
234 1877 389 1946 testantur,
410 1890 472 1932 cum
488 1871 524 1930 de
537 1869 658 1948 Ephoro,
669 1876 755 1948 atque
772 1869 956 1952 Theopompo
971 1872 1011 1932 sic
1023 1873 1168 1950 iudicaret,
1186 1878 1219 1932 ut

133 1959 215 2020 alteri
220 1957 320 2038 frenis,
334 1956 414 2016 alteri
425 1955 575 2016 odenathus
587 1975 651 2034 opus
663 1975 717 2026 csse
729 1956 843 2029 diceret,
867 1964 917 2016 aut
928 1958 957 2018 in
971 1957 1017 2016 illo
1033 1958 1151 2028 lentiore
1162 1965 1219 2023 tar-
1228 1969 1279 2018 aaa
1380 2019 1381 2022 ,

135 2047 269 2120 ditatem‚
290 2049 340 2103 aut
354 2043 383 2100 in
397 2041 442 2101 ilio
458 2061 549 2123 paene
564 2041 717 2120 ,praecipiti
733 2041 945 2116 contitutionem
963 2043 1149 2114 adiuvandam
1169 2043 1220 2104 do·
1380 2073 1381 2082 ¹

135 2131 224 2192 cendo
238 2122 423 2198 existimavit?
445 2124 506 2187 cnm
520 2127 637 2186 alterum
648 2126 760 2191 alterius
774 2133 875 2187 natura
884 2129 1056 2189 miscendam
1071 2130 1220 2191 arbitrare·

96 2224 188 2286 12tur.
230 2202 374 2276 imbecillis
389 2222 483 2274 tamen
496 2215 615 2290 ingeniis
631 2231 699 2272 sane
717 2212 755 2272 sic
769 2213 977 2289 obsequendum
986 2216 1048 2289 sit,
1068 2221 1101 2274 ut
1112 2221 1220 2279 auum

135 2305 166 2362 in
179 2303 227 2374 id,
250 2320 305 2377 quo
318 2305 400 2374 vocat
412 2305 528 2376 natura,
551 2299 695 2356 domatur.
736 2297 780 2356 lta
804 2299 877 2360 euim
892 2300 968 2376 quod
989 2299 1079 2360 solum
1092 2307 1218 2380 possunt,
1238 2305 1251 2318 '

135 2387 232 2448 melius
255 2385 385 2443 efficient.
430 2383 462 2440 Si
483 2402 549 2442 vero
571 2382 710 2454 liberalior
729 2385 845 2442 materia
865 2385 1029 2462 contigerit,
1061 2392 1092 2446 et
1110 2387 1140 2445 in
1165 2405 1220 2464 qua

93 2527 95 2536 .
136 2472 235 2542 merito
250 2471 287 2528 ad
298 2490 375 2548 spem
390 2469 506 2529 oratoris
521 2469 605 2529 simus
621 2469 759 2546 aggressi,
781 2467 856 2526 nulla
869 2470 979 2529 dicendi
990 2471 1075 2542 virtus
1091 2472 1220 2535 ornitteu-

96 2575 128 2630 13
137 2559 174 2617 da
190 2565 240 2617 est.
254 2566 259 2570 “
271 2555 346 2615 Nam
359 2553 422 2614 licet
432 2555 469 2612 sit
479 2553 633 2630 aliquamin
646 2559 760 2632 partem
766 2554 889 2632 pronior,
906 2561 938 2614 ut
951 2575 1065 2622 necesse
1078 2563 1131 2631 est,
1143 2563 1219 2619 cete·
1234 2603 1242 2618 .
1271 2613 1275 2622 ,

135 2645 172 2704 ris
189 2650 287 2704 tamea
302 2661 360 2700 non
381 2639 562 2719 repugnabit,
578 2645 674 2724 atque
690 2657 725 2698 ea
737 2657 803 2698 cura
816 2641 896 2718 paria
914 2642 996 2702 faciet
1006 2641 1056 2716 iis,
1077 2641 1220 2718 inquibus

136 2729 289 2790 coniuebat:
311 2728 382 2786 sicut
394 2726 442 2786 ille
457 2727 509 2804 (ne
521 2725 557 2783 ab
567 2725 667 2784 eodem
677 2723 802 2803 exemplo
815 2726 989 2802 recedamus)
1003 2727 1149 2788 exercendi
1161 2745 1222 2786 cor·

135 2834 205 2895 pora
219 2814 340 2892 peritus,
362 2833 437 2886 aon,
460 2812 483 2870 si
498 2810 657 2890 docendum
666 2809 869 2890 pancratiasten
881 2813 1046 2892 susceperit,
1066 2832 1164 2892 pugno
1180 2813 1222 2874 ie·

135 2901 190 2958 rire
212 2898 259 2958 ‘vel
276 2897 350 2956 ‘calce
365 2903 490 2971 tantum,
511 2901 560 2954 aut
579 2915 665 2955 nexus
684 2897 788 2970 modo,
808 2902 895 2972 atque
910 2897 939 2957 in
950 2899 993 2958 his
1007 2905 1098 2960 certos
1114 2897 1223 2978 aliquos

136 2983 263 3056 d'ooebit,
284 2983 334 3042 sed
349 2979 456 3055 omnia,
477 3000 550 3058 quae
563 2972 629 3039 simt
640 2980 699 3040 eius
712 2983 876 3045 certaminis.
920 2981 983 3043 Erit
1002 2984 1050 3062 qui
1065 3003 1100 3044 ex
1113 2983 1157 3044 his
1173 2983 1223 3044 ali·

94 3084 130 3144 14
138 3090 193 3148 qna
210 3087 269 3126 non
290 3063 400 3147 possit?
426 3065 460 3126 In
478 3067 508 3126 id
528 3065 644 3128 marrime
664 3066 864 3145 quodpoterit
878 3066 1027 3130 incumbet
1069 3069 1145 3130 Nam
1157 3075 1222 3146 suut

137 3156 206 3216 haec
225 3154 281 3213 duo
290 3153 413 3242 'atanda
431 3171 559 3230 prorsus:
583 3171 684 3226 norun,
706 3171 743 3210 ne
759 3157 853 3212 tentes
863 3155 942 3230 quod
953 3155 1028 3215 efflei
1044 3175 1103 3214 non
1116 3156 1222 3236 possit:
1239 3207 1242 3214 .
1295 3148 1318 3196 ·'

137 3239 381 3314 altem1m,neab
405 3257 457 3313 eo,
482 3239 560 3314 quod
581 3236 644 3314 quis
664 3237 769 3316 optime
788 3239 870 3312 facit,
898 3238 928 3298 in
950 3239 1042 3316 aliud,
1063 3241 1108 3300 cui
1131 3242 1222 3300 minus
1301 3233 1306 3248 '

103 3331 107 3342 '
138 3333 181 3388 est
201 3327 334 3398 idoneus,
361 3324 521 3382 transferas.
564 3322 604 3382 at
624 3323 648 3382 si
666 3323 766 3396 fuerit,
797 3323 844 3402 qui
865 3324 1025 3402 docebitur,
1051 3325 1115 3402 ille,
1138 3331 1222 3404 qusai

138 3411 326 3471 adolescentes
349 3426 443 3468 senem
462 3408 595 3481 vidimus,
626 3405 816 3482 Nicostratus,
846 3409 972 3472 omnibus
993 3411 1023 3472 in
1046 3431 1081 3472 eo
1101 3409 1222 3473 docenii

93 3555 96 3558 .
137 3498 262 3576 partibus
274 3493 397 3554 similiter
407 3500 522 3554 utetur:
545 3491 701 3570 efficietque
721 3493 815 3570 illrun,
836 3495 925 3572 qualis
940 3496 985 3557 hic
997 3497 1075 3573 fuit,
1089 3495 1221 3558 luotaudo
1232 3515 1281 3563 16⁰
1376 3477 1381 3550 l

135 3582 358 3660 pugnandoque,
379 3599 496 3658 quorum
508 3579 787 3662 atroque-certantes
799 3581 897 3641 iudum
915 3583 1013 3642 ὤὼιιε
1027 3582 1228 3666 coronabatur,
1380 3567 1381 3616 Ὗ

145 3763 147 3770 “
205 3767 222 3830 §
243 3764 284 3816 10.
304 3761 364 3816 Nora
386 3763 454 3816 enim
472 3761 639 3818 deserendum
656 3765 686 3818 id
705 3762 813 3834 bonaur]
834 3765 946 3820 Prorsus
965 3766 1076 3824 alienum
1095 3765 1159 3822 illud
1173 3786 1223 3822 aso

137 3835 252 3888 deterere
263 3831 333 3916 apud
348 3831 414 3898 Tac.
430 3849 482 3902 quo
497 3831 665 3897 Burmannus,
683 3831 725 3888 cui
736 3841 845 3889 recentt.
860 3835 919 3888 edd.
935 3838 1121 3906 obsequuntur,
1141 3854 1220 3900 βιω-

136 3920 195 3956 sare
218 3901 299 3958 volart
313 3901 447 3954 lectionem
462 3899 550 3952 almer.
572 3909 599 3954 et
620 3905 723 3970 sagena
739 3902 807 3972 apud
822 3901 948 3972 Obrecht.
963 3907 1146 3971 demendum,
1163 3924 1222 3968 eum

136 3970 293 4042 reliquorum
314 3969 396 4024 codd.
419 3967 446 4020 in
466 3967 560 4038 quibus
576 3979 636 4022 sunt
657 3969 713 4023 RR.
735 3971 760 4024 2.
779 3971 805 4026 5.
828 3980 856 4026 et
873 3971 932 4028 edd.
953 3973 1031 4040 lectio
1053 3977 1222 4034 demendam

65 4104 70 4113 Ι
137 4039 240 4105 (Guelt.
255 4037 444 4104 disserendum)
456 4035 540 4107 ipsum
556 4035 665 4094 haberet
684 4037 851 4122 interpretem
867 4041 1054 4124 quintilianum
1065 4045 1112 4112 §5
1128 4051 1224 4110 exact

13 4117 15 4158 ι
136 4106 320 4177 experientiam
332 4111 483 4170 tamnen,
501 4105 534 4162 ab
555 4123 603 4162 usu
614 4113 725 4164 remotas
739 4126 810 4184 rues
824 4105 882 4180 ficri
897 4111 1059 4169 inhruatores
