2738 4442
102 283 105 290 ¹
146 198 211 264 eoa
437 187 941 263 uraa.uu1uu1uraur
984 169 987 176 '

120 351 265 436 7pullatae
291 337 390 409 turbae
403 347 577 425 'relinquunt
619 346 718 424 ltaque
740 349 836 407 videar
855 347 923 406 aliea
942 347 1105 426 plerumque
1123 349 1234 410 iudiciis

145 438 260 518 privatio
272 435 308 494 od
322 438 437 494 ortioaer
450 433 556 508 ocean,
577 430 646 490 alios
667 431 705 490 od
714 425 903 510 probativum.
946 433 1028 501 Quae
1043 434 1235 494 ai-diuidmda

145 529 211 582 eunt
224 520 330 593 officia,
351 519 405 577 hoc
424 523 499 577 certe
515 517 604 593 magis
623 519 806 578 neceemrium
825 523 883 577 ert:
903 518 1121 595 puderodumque
1142 519 1232 592 dictu,

146 610 170 666 ri
189 607 251 686 plus
272 604 443 681 litigantibus
460 607 579 682 prosunt
595 602 724 661 minoren.
766 601 800 660 lu
822 600 937 680 publicis
959 608 1035 662 certe
1053 601 1160 662 iudiciis
1175 619 1234 662 vox

145 691 193 752 illa
205 690 366 770 praeconis,
387 693 499 767 praeter
511 691 658 766 patronos,
678 689 787 773 ipsum,
807 686 854 763 qui
868 685 973 762 egerit,
997 689 1074 747 citat
1162 759 1167 762 ι

121 825 139 878 3
231 809 310 888 Opus
324 813 369 867 cet
382 806 469 883 igitur
481 807 509 864 in
522 806 619 884 primia
633 804 745 882 ingenio
761 803 848 864 veloci
869 822 902 862 ac
915 803 1024 880 mobili,
1035 803 1138 866 'animo
1149 824 1234 885 prae-

146 894 219 956 renti
234 901 263 954 et
276 893 341 952 acri.
383 889 450 950 Non
471 892 544 949 enim
557 891 751 966 cogitandum,
770 889 821 948 secl
842 889 990 948 dicendum
1008 891 1101 950 atatim
1122 895 1180 962 est,
1204 893 1297 950 etate

122 1016 124 1026 ·
145 999 235 1058 prope
253 977 304 1036 aab
323 981 426 1036 conatu
446 974 596 1034 adversarii
613 991 710 1032 manua
730 974 874 1049 exigenda
919 972 1015 1042 Quare
1031 995 1092 1034 cum
1111 976 1140 1032 in
1155 974 1234 1034 omni

145 1069 227 1145 parte
239 1062 350 1121 hainone
364 1059 449 1120 officii
460 1059 607 1136 plurimum
622 1059 701 1130 facit,
723 1063 799 1116 totae
815 1075 873 1116 uon
895 1058 1044 1135 diligenter
1061 1060 1160 1132 modo,
1176 1059 1235 1118 'sed

71 1189 74 1196 ·
147 1151 230 1208 etiarn
243 1145 413 1206 familiariter
425 1163 507 1202 norae
521 1162 631 1214 caucam
650 1148 709 1202 tum
726 1146 757 1200 ia
778 1142 950 1202 altercatione
969 1146 1087 1208 maxime
1106 1160 1234 1204 neeessa-

146 1234 217 1291 rium
243 1235 302 1302 eet,
331 1229 452 1288 omnium
470 1245 656 1305 pascuorum,
669 1232 673 1260 '-
686 1230 933 1302 imtrumentorum,
967 1234 1124 1308 termarum,
1161 1228 1233 1286 loco-

131 1335 206 1388 ,cum
219 1315 311 1372 lohere
323 1316 463 1372 notitiam:
485 1312 587 1388 alioqui
607 1318 637 1372 et
657 1313 805 1372 tacendum
826 1314 878 1372 erit
896 1332 996 1392 saepe,
1019 1321 1048 1373 et
1070 1313 1234 1373 aliierubii·

147 1402 297 1472 eientibue,
326 1398 490 1477 plerumque
515 1401 608 1456 autem
636 1397 727 1455 studio
746 1396 877 1474 loquendi
896 1400 974 1457 fatue
994 1400 1080 1458 modo
1100 1399 1234 1458 acceden-

147 1488 227 1546 dum:
251 1503 307 1560 quo
321 1501 520 1559 nonnunquam
533 1481 649 1554 accidit,
670 1486 702 1538 ut
721 1481 751 1538 in
771 1487 867 1539 nostra
887 1481 1049 1543 credulitate
1060 1483 1151 1542 aliena
1164 1481 1234 1540 atul-

122 1570 211 1630 utica
232 1569 431 1630 erubescamus.
473 1565 575 1642 Neque
603 1572 697 1624 tamen
722 1565 775 1623 hoc
804 1566 876 1644 ipsis.
896 1566 1078 1626 monitoribus
1095 1567 1298 1626 clarescittti‘tt

148 1655 263 1732 quidam
284 1653 388 1712 iaciunt
407 1655 520 1730 aperte,
541 1651 619 1728 quod
636 1650 763 1709 rixernur.
807 1647 910 1712 Videas
930 1651 1003 1710 enim
1022 1651 1170 1730 plerosque
1191 1653 1235 1710 ire

148 1739 269 1819 percitos
290 1737 488 1808 exclamantes,
517 1741 549 1792 ut
569 1735 651 1794 iudex
670 1735 781 1808 audiat,
809 1736 977 1794 contrarirun
1004 1735 1034 1793 id
1054 1755 1131 1809 esee,
1158 1735 1235 1812 quod
1344 1727 1345 1732 ἵ

148 1825 350 1894 admoneatur,
371 1822 494 1895 sciatque
507 1817 565 1889 ille,
588 1819 877 1894 quipronuncialnrur
894 1821 984 1878 estin
1004 1837 1102 1895 carrea,
1122 1821 1233 1893 malum,

107 1916 141 1970 10
149 1908 227 1986 quod
240 1912 355 1965 tacetur.
399 1905 493 1972 Quare
515 1903 603 1960 bonus
615 1902 761 1960 altercator
776 1903 843 1962 vitio
861 1905 1134 1964 uacundiaecareat
1163 1903 1235 1964 Nul-
1344 1925 1345 1960 u

147 1994 191 2052 lus
212 1991 285 2051 enim
310 1989 411 2056 rationi
432 1985 521 2064 magia
542 1986 638 2046 ebetat
660 1987 790 2062 affectus,
826 1993 855 2048 et
877 1989 933 2047 fert
952 1993 1030 2047 extra
1052 1998 1177 2063 cautam,
1204 1995 1234 2048 et

146 2078 309 2157 plenumque
329 2073 465 2134 deformia
489 2069 610 2130 convicia
630 2074 720 2130 secere
740 2091 774 2130 ac
794 2073 895 2132 mereri
916 2074 1008 2150 cogit,
1030 2077 1059 2140 et
1074 2071 1151 2153 ipsos
1163 2091 1233 2132 non-

147 2179 290 2238 nunquam
307 2161 413 2218 iudices
424 2158 531 2216 incitat.
575 2153 676 2214 Melior
691 2157 861 2230 moderatio,
883 2175 916 2216 ac
933 2175 1132 2236 nonnumquam
1150 2161 1233 2219 etiam

146 2247 291 2325 patientia.
332 2237 436 2319 Neque
455 2243 528 2302 enim
544 2241 693 2300 refutanda
711 2246 834 2314 mutum,
855 2259 962 2321 quaec
981 2245 1119 2302 contrario
1138 2245 1300 2304 dicun-eru

105 2352 106 2357 ¹
149 2338 214 2403 tur,
236 2330 287 2388 red
305 2328 525 2401 contemnenda,
554 2325 703 2398 elevanda,
724 2326 843 2385 ridenda
859 2333 938 2398 aunt3
964 2343 1017 2386 uec
1037 2345 1153 2406 uuquam
1170 2328 1233 2408 plue

24 2477 26 2484 ‚
150 2415 203 2472 loci
221 2413 324 2491 reperit
345 2411 496 2469 urbanitas.
539 2409 616 2480 Hoc,
639 2411 706 2468 dum
725 2412 795 2470 orda
815 2416 859 2471 eat
880 2417 909 2472 et
926 2412 1034 2488 pudor:
1062 2421 1158 2472 contra
1176 2419 1233 2472 tur-

109 2501 251 2566 ubantes
266 2495 440 2570 audendum,
462 2500 491 2555 et
503 2493 692 2574 impudentiae
707 2497 825 2566 fortiter¹
837 2495 1031 2556 resistendum.
1074 2497 1148 2555 Sunt
1161 2501 1233 2557 enim

221 2769 277 2837 §8-
295 2770 394 2838 alioqui
408 2775 435 2822 et
449 2767 587 2820 tacendum
597 2767 752 2838 eritruepe]
779 2767 903 2822 Priu'e'et
914 2767 998 2822 malim
1013 2755 1114 2830 omittl3
1131 2771 1184 2820 tum
1197 2765 1233 2819 al·
1345 2805 1346 2826 ,

55 2917 61 2926 ·
150 2847 233 2962 ‘ull
245 2835 492 2962 qorqsuqeuq
523 2836 878 2972 uqnqqnaqqnqqa
891 2837 1237 2960 mutilati

282 2935 316 2946 -
368 2923 478 2959 noun
586 2933 645 2952 ,-
735 2923 797 2958 rra
852 2921 1077 2958 emonrn
1147 2921 1180 2956 no

150 2975 332 3045 apparitione,
356 2991 407 3043 qua
423 2973 533 3028 alterum
555 2923 716 3037 excludllirr,
734 2973 757 3026 ai
773 2974 856 3028 locum
877 2975 956 3027 habet
971 2943 1086 3028 alteiam.
1120 2972 1236 3029 uicerim

150 3041 303 3114 gerundium
317 3044 490 3097 accedendum
503 3040 537 3094 ad
560 3039 654 3109 prioris
677 3043 814 3096 tacendum
834 3042 1024 3096 rimilitudiuem
1045 3041 1148 3112 quidem
1169 3041 1236 3113 ecri-

153 3121 224 3183 ptam
240 3118 296 3171 eet,
321 3110 367 3164 aad
386 3116 507 3162 eventum
527 3109 626 3177 magia,
653 3129 729 3180 quem
748 3118 931 3194 praeceptum,
958 3109 1064 3164 indicat.
1099 3107 1141 3164 lta
1158 3110 1236 3164 etiam

146 3186 229 3248 fatue
243 3179 317 3232 modo
330 3195 378 3248 pro
384 3180 467 3245 satae
482 3178 789 3248 cacuminantem,
815 3188 846 3232 ut
866 3197 916 3234 non
930 3196 996 3249 opue
1015 3179 1049 3232 rit
1067 3177 1147 3231 ecribl
1159 3180 1239 3244 fatui

150 3253 237 3313 modo,
250 3254 279 3302 ut
292 3247 383 3317 Spuld.
396 3245 474 3312 conl,
488 3252 533 3299 eut
541 3248 641 3312 satura
654 3249 738 3306 modo.
773 3248 930 3302 Particulam
943 3257 1047 3312 autern,
1066 3264 1082 3300 a
1095 3247 1179 3315 Regio
1192 3261 1236 3300 ex-

150 3319 257 3382 clusam,
273 3323 303 3370 ut
318 3334 350 3370 ex
369 3316 473 3386 optimu
492 3321 521 3368 et
534 3314 649 3384 plutini·
661 3316 735 3372 libria
750 3323 810 3386 poet
818 3320 969 3386 plerumque
981 3317 1158 3378 restituerem,
1182 3331 1237 3368 mc-

53 3389 58 3394 '
151 3389 230 3511 qehut
246 3385 408 3508 qmdlqigqritee.
431 3386 509 3438 Nunc
522 3382 589 3436 euim
601 3385 744 3451 acceditur,
760 3385 817 3440 aliia
828 3385 1034 3451 subiicientibus,
1052 3384 1134 3450 nunc,
1146 3385 1237 3454 impel-

162 3462 275 3510 enteau
294 3455 319 3507 'o
340 3471 383 3526 oq.

221 3543 238 3606 5
251 3543 279 3596 9.
296 3541 386 3610 Neque
397 3547 486 3592 tomen
497 3537 546 3590 loo
562 3537 625 3607 iptio
637 3539 806 3591 monitorilnu
818 3540 952 3608 clarescit]
976 3541 1050 3604 Hoc,
1066 3556 1103 3591 ec.
1117 3538 1164 3590 hoe
1177 3553 1237 3589 eru-

153 3611 277 3673 beacere,
300 3627 333 3662 ne
345 3609 459 3660 sentiunt
471 3605 573 3676 quidem
592 3605 737 3659 monitores.
775 3607 873 3670 Quidni
894 3608 962 3661 enim
984 3606 1061 3662 etiam
1079 3607 1163 3678 pudor
1185 3604 1238 3658 dici

172 3676 237 3731 oasit
257 3677 416 3740 clarescere,
441 3693 497 3730 cum
516 3675 634 3728 ruborem
650 3675 784 3728 adducat?
820 3675 933 3740 Quidam
957 3677 1113 3738 monitores,
1131 3680 1160 3727 ut
1176 3681 1239 3726 sunt

151 3745 331 3816 impudenter,
355 3753 446 3813 aperte
465 3741 606 3800 subiiciunt
616 3750 645 3796 et
656 3751 771 3804 monent.
790 3744 814 3796 ri
825 3745 887 3814 quid
902 3737 983 3800 velint
997 3743 1158 3814 mponderi
1175 3757 1239 3812 pro-

154 3826 246 3886 pterea
260 3815 329 3884 quod
341 3815 454 3866 riarum
473 3814 499 3866 h.
520 3829 543 3864 e.
566 3829 630 3881 praa
650 3812 829 3880 indignatione
850 3814 1003 3877 territamur,
1027 3829 1086 3865 cum
1104 3829 1155 3864 non
1173 3809 1238 3862 ratic

152 3892 225 3939 earet
244 3885 405 3938 ermenero.
446 3881 598 3950 Quanquam
620 3881 753 3950 ingeniose
774 3881 864 3951 Spald.
891 3889 919 3936 et
942 3880 1100 3938 mentiente
1122 3881 1238 3932 cnunc

155 3953 217 4006 Hal.
234 3953 251 4006 l.
267 3973 290 4008 c.
304 3947 458 4006 Turiceueie
471 3947 536 4002 cod.
552 3949 706 4002 aucwritate
722 3949 764 4017 (in
785 3967 835 4020 quo
857 3958 897 4004 est
919 3951 1005 4020 Neque
1026 3953 1084 4004 tura
1102 3965 1159 4000 oum
1172 3947 1237 4015 ipris

155 4023 259 4088 meruit.)
271 4021 377 4090 apuleo
389 4021 455 4082 icoo,
480 4017 549 4100 quod
568 4018 666 4086 Regina
682 4018 857 4086 excogitavit,
880 4019 1042 4073 scribendum
1055 4035 1113 4071 erac
1125 4015 1236 4068 iudicat:

156 4089 245 4158 Neque
257 4090 311 4143 iarn
323 4107 378 4143 crum
386 4089 433 4141 -lria
445 4086 508 4156 ineu
520 4087 689 4142 monitorium
700 4089 767 4166 clam
780 4090 872 4155 τουπ.
