2774 4444
140 174 205 242 rso
225 145 252 266 J
428 168 480 234 a·
496 167 600 232 rsa
622 167 941 266 ournrrmsnr

42 315 47 336 ⁸
140 345 200 388 cum
211 325 307 406 gladio
319 329 443 398 amasim·
462 345 521 388 non
535 326 567 385 id
577 327 662 386 modo
674 325 770 386 Ulixes
782 326 950 405 respondet,
969 343 1027 386 non
1041 343 1132 387 esses
1146 345 1176 388 se
1188 325 1221 388 id

139 409 244 474 facinus
262 413 424 486 admissum,
453 413 505 471 aad
520 412 572 470 sibi
589 411 677 470 nullas
697 431 760 483 cum
779 409 864 470 Aiace
881 411 1035 470 inimicitias
1054 412 1155 485 irrisam
1181 412 1221 472 de

94 552 96 554 .
140 496 223 558 laude
240 500 312 558 inter
329 499 406 575 ipsos
423 501 572 558 certatum:
593 497 695 557 deiude
712 497 867 572 subiungit,
888 498 1068 573 quomodoin
1080 515 1141 568 eam
1155 496 1222 561 soli-

140 584 264 643 tudinem
278 585 401 658 acuerit,
422 583 556 642 iacentem
569 583 723 641 exanimem
737 583 774 640 sit
785 579 974 658 conspicatus,
995 581 1119 658 gladium
1132 603 1149 642 e
1161 581 1223 640 rul-

101 669 209 732 atsere
221 670 376 746 extraxerit.
418 667 471 725 His
489 668 641 726 subtexitur
653 667 865 748 argumentatio.
908 666 967 725 Sed
976 686 1013 726 ne
1024 666 1092 725 illud
1107 667 1221 744 quidem

141 752 201 812 sine
220 753 379 813 narratione
399 757 457 827 est,
487 751 597 812 dicente
612 759 785 812 accusatore:
812 749 906 810 Fuisti
926 754 955 809 is
976 771 1005 810 eo
1024 751 1096 825 leco,
1117 755 1148 810 in
1169 771 1222 830 quo

138 831 204 896 tuas
218 839 341 896 iniotiaas
352 840 455 896 scabres
467 841 520 896 est:
543 835 606 896 Non
613 837 680 916 fui,·
694 837 841 896 dicendum
853 837 998 914 euIm,.ubi
1011 837 1102 897 sueritt
1125 836 1222 905 Quare

140 924 389 1006 ambitus-quoque
408 928 552 990 causaest
567 923 781 1002 repetrmdarum
794 921 846 980 hoc
861 923 945 981 etiam
957 922 1049 1001 plures
1066 919 1222 982 huiusmodi

138 1008 310 1068 narrationes
329 1007 432 1069 habere
450 1013 599 1088 poterunt,
621 1026 678 1085 qno
690 1005 769 1085 plura
780 1007 907 1079 crimina,
919 1007 1068 1084 inquibus
1081 1007 1141 1086 ipsa
1156 1006 1220 1084 qui·

129 1093 203 1152 ¹dem
214 1093 345 1170 neganda
357 1099 434 1169 sunt,
455 1095 505 1153 sed
514 1093 684 1168 argumentis
696 1093 868 1170 expositione
878 1093 1014 1152 contraria
1027 1093 1221 1168 resistendum,

98 1178 276 1241 15interdnm
290 1179 420 1254 singulis,
441 1177 580 1236 interdum
593 1177 733 1236 universis.
776 1175 821 1235 An
834 1177 1112 1262 reusambitusmale
1125 1196 1221 1238 nana

139 1263 196 1336 bit,
218 1269 431 1342 quosparentes
441 1263 583 1338 habuerit,
600 1263 832 1340 quemadmodum
843 1264 904 1344 ipse
916 1264 1029 1337 viserit,
1051 1263 1149 1340 quibua
1161 1283 1221 1324 me-
1255 1319 1256 1324 ,

137 1349 198 1406 ritis
209 1351 297 1407 fretus
307 1349 345 1407 ad
357 1348 519 1427 petitionem
529 1346 722 1426 descendenti
749 1345 812 1406 dut
823 1348 847 1406 si
865 1349 925 1425 quis
938 1350 1155 1426 repetundanrm
1167 1347 1221 1408 cri·

71 1487 74 1492 .
137 1433 212 1493 mine
225 1429 440 1507 insimulabitur,
456 1452 513 1492 non
530 1439 558 1492 et
568 1438 726 1492 anteactam
737 1433 835 1506 vitam,
851 1438 880 1493 et
892 1433 991 1510 quibua
1002 1435 1039 1494 de
1054 1434 1142 1493 causis
1154 1452 1221 1512 pro-

109 1545 123 1578 ·.
137 1519 254 1578 vinciam
268 1518 437 1594 smiversam,
454 1518 502 1578 vel
513 1525 699 1578 accusatorem
711 1524 760 1577 aut
773 1523 871 1578 testem
883 1519 1045 1593 offenderit,
1066 1538 1124 1578 non
1137 1518 1221 1578 inuti-
1229 1527 1282 1575 aas

96 1602 205 1678 aetites,
215 1601 357 1682 expuncti
398 1605 480 1673 Quae
499 1604 522 1663 ai
542 1605 665 1662 narratio
686 1621 743 1662 non
760 1608 817 1677 est,
839 1623 876 1663 ne
888 1601 935 1662 illa
945 1605 1064 1680 'quidem
1077 1599 1221 1664 Ciceronis
1257 1673 1262 1683 ,

75 1711 81 1731 ν
114 1741 116 1752 ,
135 1707 189 1768 pro
201 1688 330 1749 Cluentio
343 1689 448 1768 prima,
470 1690 545 1746 caius
564 1694 607 1748 est
623 1689 748 1762 initium,
769 1687 803 1747 Α
820 1687 957 1748 Cluentius
971 1689 1100 1748 Habitus.
1141 1687 1222 1750 Nihil

20 1783 22 1788 ’
136 1774 210 1832 enim
227 1773 272 1832 bic
289 1773 325 1832 de
344 1774 492 1845 veneficio,
513 1774 565 1832 sed
583 1774 620 1833 de
638 1774 741 1848 causis,
771 1774 869 1850 quibus
888 1775 915 1834 ei
934 1781 1025 1834 mater
1046 1773 1155 1832 inimica
1173 1775 1220 1848 sit,

95 1866 128 1921 17
135 1858 212 1917 dicit.
254 1855 322 1918 Illae
336 1875 447 1935 quoque
460 1863 524 1915 sunt
536 1855 707 1935 pertinentes
728 1859 765 1916 ad
778 1877 903 1932 causam,
924 1861 975 1918 sed
986 1877 1044 1918 non
1057 1859 1143 1939 ipsius
1154 1879 1222 1920 osu·

135 1961 199 2017 sae,
221 1943 407 2002 narrationes:
435 1942 479 2002 vel
497 1941 614 2020 exempli
634 1944 740 2018 gratia,
766 1950 799 2002 ut
816 1945 845 2002 in
858 1943 974 2004 Verrem
992 1945 1028 2004 de
1039 1943 1074 2022 Ι..
1084 1943 1221 2020 Domitio,

22 2081 24 2087 ,
137 2028 185 2105 qui
201 2021 359 2106 pastorem,
388 2027 506 2104 quadis
529 2046 641 2106 aprum,
664 2047 747 2105 quem
766 2029 820 2106 ipsi
838 2031 945 2090 muneri
966 2029 1118 2102 obtulerat,
1141 2049 1222 2091 exce·

40 2165 45 2172 .
95 2119 214 2192 18ptum
228 2133 289 2174 esse
301 2134 318 2172 a
329 2133 361 2172 se
370 2111 659 2173 venabulooonsessus
673 2119 754 2186 esset,
768 2113 798 2170 in
812 2133 920 2173 aurern
931 2113 1051 2174 sustulit:
1073 2113 1116 2174 vel
1129 2115 1221 2174 ‹timn-

133 2197 224 2258 tiendi
235 2199 346 2257 alieuius
362 2199 527 2258 extrinsecus
540 2198 674 2273 emina,
693 2203 727 2256 ut
738 2217 790 2276 pro
801 2197 917 2262 Rabirio
930 2198 1078 2273 Postumo,
1099 2196 1172 2260 Nara
1187 2205 1220 2262 ut

71 2277 73 2282 ’
134 2287 241 2342 uentum
254 2282 447 2342 Alcaeasdriam
463 2288 515 2356 est,
536 2281 653 2356 iudices,
674 2282 739 2342 iaec
753 2302 808 2342 aaa
820 2287 891 2342 ratio
908 2305 926 2344 a
941 2305 1002 2362 rege
1009 2287 1147 2364 proposita
1161 2282 1220 2346 Po·

135 2373 221 2426 dume
233 2373 272 2425 est
283 2366 426 2426 amandae
436 2371 579 2444 pecuniae,
601 2369 628 2426 rr'
638 2362 799 2430 curationem
813 2374 839 2426 et
854 2373 933 2446 quusi
945 2371 1165 2449 dispensarem
1174 2389 1218 2432 re-

48 2521 52 2528 ,
120 2455 209 2530 ¹giam
224 2455 393 2530 suscepisset:
414 2451 457 2524 vel
469 2453 604 2528 augendi,
626 2457 658 2512 nt
671 2453 833 2515 describitur
847 2457 898 2512 iter
913 2455 1010 2516 Verria

94 2549 127 2606 19
218 2537 298 2597 Ficta
318 2536 428 2596 interim
442 2536 563 2618 narratio
585 2538 723 2596 introduci
735 2537 821 2611 solet,
843 2539 888 2598 vel
902 2541 940 2598 ad
951 2543 1130 2616 eondtandos
1146 2543 1219 2603 iudi-

106 2640 109 2646 *
134 2639 195 2700 ces,
216 2628 249 2682 ut
264 2642 317 2704 pro
329 2617 430 2684 Roscio
447 2623 519 2686 circa
531 2622 760 2701 Chrysogonum,
781 2625 856 2684 cuius
867 2625 951 2705 paulo
964 2633 1032 2688 ante
1043 2627 1128 2688 habui
1139 2648 1218 2689 meu·

203 2845 220 2910 §
233 2841 272 2896 16.
287 2859 337 2913 pro
352 2842 488 2914 Clueatio]
505 2863 528 2898 c.
540 2845 566 2901 5.
579 2843 622 2899 ubi
635 2847 667 2902 A.
681 2847 740 2901 Clu.
753 2845 879 2901 Auitusid
892 2839 1023 2918 plerisque
1031 2847 1104 2902 libris
1112 2829 1215 2920 legitur.

203 2913 221 2978 S
235 2912 276 2966 17.
293 2913 322 2966 iis
338 2913 457 2988 Verrem]
475 2915 508 2980 V,
521 2916 548 2970 3.
569 2915 598 2968 la.
612 2915 754 2970 Domitium
764 2925 913 2986 praetorem
924 2919 953 2974 irs
963 2919 1063 2981 Sicriia,
1081 2937 1137 2972 cum
1153 2935 1217 2988 aper

133 2979 228 3051 ingeras
240 2983 279 3033 aa
290 2999 345 3036 eam
356 2985 454 3037 allatus
466 2991 547 3048 meet,
565 2986 724 3040 admiratam
736 2987 885 3055 requisisse,
903 2989 960 3055 quis
973 2999 1029 3040 cam
1041 2989 1215 3056 percussisset.

136 3050 200 3104 aas
221 3050 349 3116 suamet,
370 3061 501 3120 pastorem
519 3054 652 3107 eamdam
666 3056 766 3122 juisse,
783 3073 841 3107 eum
860 3055 945 3124 (quod
957 3073 1007 3108 non
1025 3055 1215 3112 licebat'servo

26 3153 31 3160 ·
133 3135 190 3172 eum
206 3117 259 3171 telo
276 3118 357 3188 csse.)
379 3122 417 3174 ad
434 3139 462 3174 se
480 3123 570 3175 uocari
584 3125 686 3177 iussisse
703 3133 753 3178 ete.
779 3123 864 3178 Recte
877 3125 960 3194 igitur
974 3120 1138 3182 Burmannus
1151 3125 1215 3182 scri·

133 3187 187 3260 psit
201 3189 362 3252 obtuderunt,
380 3206 413 3242 ne
426 3195 516 3259 pastor
529 3191 662 3248 videretur
676 3193 807 3250 obtulisse.

155 3291 159 3296 .
201 3261 218 3326 §
233 3259 274 3315 18.
289 3251 339 3328 pria
352 3259 462 3331 Rabirio
473 3261 614 3328 Postumo]
633 3279 655 3314 c.
670 3265 711 3319 10.

201 3328 274 3394 §aa
292 3328 461 3397 describitur]
485 3329 560 3383 Verr.
580 3330 603 3395 l,
627 3335 669 3388 16.
687 3338 715 3386 et
733 3333 775 3389 rt.
1015 3381 1019 3386 .

202 3398 273 3461 §ta
290 3395 369 3450 dieta
388 3399 492 3452 interim
508 3401 627 3453 namatio
650 3402 781 3454 introduci
798 3401 882 3468 tolet]
905 3399 1034 3473 Spalding
1047 3406 1145 3472 jiotam
1163 3402 1216 3459 diei

132 3462 303 3520 narrationem
325 3467 359 3520 de
374 3467 537 3538 Chrysogoni
551 3468 639 3524 amicis
653 3471 713 3540 (pro
725 3470 803 3525 lisso.
817 3472 901 3526 Amer.
920 3491 943 3526 c.
957 3473 1016 3542 22.)
1029 3491 1085 3528 cum
1099 3473 1216 3526 sibinen

132 3541 222 3606 posset
239 3535 415 3604 persuadere,
445 3532 556 3592 coniecit
579 3540 687 3594 Faceta.
722 3542 758 3594 At
778 3541 1014 3606 tiasensium,
1038 3559 1104 3624 quse
1125 3541 1216 3597 amicit

132 3601 296 3672 Chrysogoni
316 3605 519 3660 discurrentibus
539 3603 631 3659 tribuit
644 3608 732 3674 dicta,
750 3609 823 3680 quasi
845 3609 978 3680 loquentes
991 3609 1110 3663 audierit.
1146 3609 1218 3666 Natu

132 3673 224 3736 oredo,
248 3671 347 3756 inquit,
365 3675 409 3744 qui
424 3676 590 3747 Chrysogono
600 3679 752 3732 suaderent
765 3696 819 3734 esse
831 3681 942 3747 aliquem
957 3680 1105 3732 incivitate
1119 3684 1147 3733 et
1159 3697 1184 3750 q.
1193 3699 1216 3735 a.

131 3739 173 3794 De
188 3742 380 3810 Cepasiuvero
398 3743 569 3799 narrationem
584 3745 676 3808 Quint.
691 3747 737 3809 Vl,
757 3752 781 3814 l,
798 3747 977 3814 tamum
998 3748 1070 3800 cirea
1092 3750 1216 3831 capasiae
1271 3791 1276 3796 -

131 3808 203 3886 dicit.
239 3809 282 3862 Gi.
298 3827 346 3880 pro
362 3811 464 3866 eluens.
480 3829 503 3866 c.
517 3815 560 3868 20.
573 3817 655 3870 etat.
668 3845 703 3856 -
721 3818 827 3884 Resetoi
837 3816 958 3870 (licuntur
970 3814 1082 3884 iudices,
1097 3817 1216 3888 mitigato

132 3878 235 3946 quidem
254 3879 353 3934 ironiae
371 3881 518 3934 urbanitate
536 3881 611 3946 odio,
630 3890 660 3938 ut
673 3884 744 3948 Vlll,
762 3885 878 3939 Prooem.
894 3886 936 3940 ta

201 3950 217 4012 ἓ
234 3949 276 4003 19.
297 3949 366 4004 eirca
381 3949 590 4019 ctrysogmam]
609 3949 639 4003 ln
652 3952 711 4005 edd.
724 3953 781 4006 Ald.
793 3955 881 4014 Burro.
896 3955 981 4010 Geso.
1000 3964 1092 4012 matra
1104 3955 1216 4026 ΟΜΝ-

246 4023 363 4082 tumtnr,
382 4034 437 4071 com
449 4016 532 4071 codd.
544 4017 571 4072 in
586 4018 682 4087 quibus
695 4021 785 4076 Turio.
798 4023 897 4106 quoaS
917 4025 969 4080 ald.
987 4026 1121 4097 sequitur,
1145 4025 1216 4080 assa

149 4082 279 4138 elendaut
307 4085 427 4158 Utraque
439 4086 532 4144 recma
545 4089 838 4164 contunditursaepsrn
909 4095 980 4151 dut
992 4099 1103 4168 snpras
1117 4096 1159 4152 12
1175 4093 1215 4148 aie
