2788 4452
288 196 293 204 '
311 177 1098 292 rusronuronnrnn,1rrc19
1157 187 1160 193 ’
1224 191 1308 283 33

137 375 258 437 33363
269 343 342 430 viem
354 376 452 448 atque
452 369 598 434 ordinum·
590 387 620 437 333
632 367 706 434 hene
716 311 874 444 66333163
853 389 935 432 nemo
948 371 1130 452 dubitaverit:
1151 369 1269 432 36336113

183 457 219 516 313
233 456 359 520 33336633
373 455 436 519 6333
445 457 578 534 probatur
590 447 653 514 6363
667 455 855 530 observatur,
864 463 954 519 336333
974 462 1101 530 qonstare
1120 471 1153 517 33
1172 477 1269 538 perqe-

122 555 176 612 199
184 543 327 622 pnonrhue
337 539 572 604 consentientibus
584 545 614 604 et
627 541 821 600 3363336663
834 542 873 600 36
888 541 972 608 63333
989 543 1066 602 33633
1078 541 1268 614 3613333333
1317 603 1322 608 .

184 627 356 702 ostendimur
373 626 441 684 nihil
458 645 516 688 33333
532 625 653 686 horum
645 644 675 684 33
687 625 842 696 rhetorice
834 645 933 698 333333,
977 625 1074 696 Quidt
1096 629 1172 704 quod
1185 633 1217 686 et
1225 623 1329 686 633-42·

109 762 115 772 .
158 713 342 792 «spectione,
364 717 399 770 36
411 713 621 811 exercitatione,
644 715 679 770 36
693 715 768 774 33633
787 715 924 788 3363333,
939 699 1055 772 36333636,
1095 710 1158 773 Nec
1173 717 1270 790 potest

112 827 113 834 ·
184 817 231 882 333
248 817 306 858 nou
323 815 398 870 3333,
422 796 446 854 36
465 815 509 860 333
529 802 572 858 336
589 794 745 868 6633133633,
766 798 845 872 quod
862 798 923 856 6333
944 802 1066 857 constat:
1087 817 1149 858 cum
1169 798 1204 856 ab
1224 815 1268 874 ea,

182 885 277 963 specie
294 883 383 958 magis
404 900 488 958 (pram
507 901 626 961 genere,
647 881 766 942 differat
809 881 869 954 Sed
888 900 941 942 nec
960 882 1179 957 61133336663363
1195 887 1269 956 sunt,

135 993 137 1000 ·
182 987 240 1050 qun
257 969 288 1028 in
305 985 337 1025 re
353 967 421 1042 31633
440 987 474 1027 33
492 966 715 1040 inartificialiter,
736 965 805 1030 aliur
817 967 995 1037 3366666633
1006 973 1101 1046 gerat,
1120 968 1195 1026 6333
1208 985 1269 1027 3333

182 1059 289 1114 artem:
311 1057 342 1114 et
360 1052 389 1112 in
408 1065 458 1126 eo,
479 1053 572 1129 quod,
593 1054 641 1130 qui
652 1049 792 1130 didicerit,
813 1051 910 1115 melius
927 1055 1028 1130 633636,
1049 1072 1133 1136 quam
1148 1052 1195 1130 qui
1211 1071 1269 1112 non

184 1137 327 1210 didicerit,
348 1154 409 1200 3333
421 1143 516 1207 artem,
559 1136 647 1215 Atqui
659 1156 718 1217 3333
732 1137 821 1198 nolum
832 1139 929 1214 633633
942 1140 1100 1214 indoctum,
1120 1138 1311 1214 3363633366

10 1249 13 1256 ·
139 1271 143 1279 .
183 1224 291 1284 doctior
304 1222 458 1285 doctumin
471 1222 619 1290 3636336333
632 1224 884 1302 operesuperebit,
904 1243 996 1302 neque
1010 1229 1103 1284 3333336
1116 1224 1174 1300 ciue
1189 1223 1270 1284 aliter

60 1303 63 1310 ⁴
182 1305 348 1374 ommno
370 1315 538 1386 praecepta,
571 1313 686 1389 tamque
701 1310 813 1386 magni,
841 1310 890 1408 qui
915 1309 1063 1372 docerent.
1094 1293 1180 1388 idque
1207 1327 1269 1368 cum

79 1455 83 1468 ,
182 1393 307 1456 3633361333
318 1393 507 1476 confitendum
519 1399 577 1466 336,
598 1399 658 1457 turm
668 1393 749 1454 nobis
762 1396 926 1473 praecipue,
948 1414 997 1472 qur
987 1395 1145 1510 33’6633333
1158 1393 1269 1456 dicendi

182 1478 360 1544 3133333333
371 1491 429 1537 nou
441 1496 610 1555 separemus
655 1526 657 1534 ,

267 1560 368 1620 XVlII.
391 1562 462 1623 Cum
477 1564 537 1624 'rint
553 1569 646 1632 3336333
667 1564 766 1631 artium
780 1563 851 1624 31633
862 1566 992 1651 positae‘
985 1586 1014 1623 333
1016 1551 1216 1643 inspectione,
1238 1565 1269 1624 id

114 1711 116 1718 ,
181 1653 224 1710 est
235 1647 395 1724 cognitione
409 1653 441 1706 36
451 1649 660 1726 aestimatione,
680 1669 789 1748 3333333,
809 1650 906 1727 qualis
914 1647 958 1712 336
971 1650 1144 1728 Astrologia,
1165 1648 1269 1710 nullum

181 1734 295 1810 exigens
308 1737 415 1808 33633,
437 1734 509 1793 336·
501 1753 563 1812 ipro
577 1735 635 1809 rei,
657 1735 864 1802 3363336663
878 1737 976 1809 habet,
997 1734 1139 1806 intellectu
1155 1739 1270 1796 conten-
1342 1747 1348 1754 '

122 1824 226 1893 cocu,
247 1837 320 1895 quae
335 1813 510 1899 θεωρητικὴ
522 1826 644 1880 vocetur:
666 1819 783 1881 dicein
799 1824 926 1898 agendo,
950 1835 1066 1898 quarum
1085 1821 1115 1880 in
1133 1819 1268 1879 13336363

182 1908 301 1977 336,36
305 1903 386 1981 ipso
412 1910 480 1964 3363
496 1905 651 1984 perficitur,
678 1905 802 1982 nihilque
818 1913 883 1986 post
902 1913 1006 1968 actum
1017 1908 1114 1986 operis
1126 1904 1292 1983 relinquit,

181 2007 254 2066 qnae
271 1983 421 2068 3333333331
441 1991 558 2063 dicitur,
583 1989 671 2066 qualis
691 1995 735 2072 est
755 1990 893 2055 saltatio:
910 1988 1007 2050 31633
999 2011 1044 2054 333
1051 1991 1176 2066 363363,-
1196 1991 1295 2067 quaer

180 2074 288 2153 operio,
310 2076 388 2179 quod
399 2075 484 2140 333163
496 2075 655 2147 subiicitur,
672 2065 1002 2137 oniummadonefinem
1012 2076 1170 2154 accipiunt,
1184 2093 1269 2154 quem

69 2207 73 2216 .
104 2187 106 2196 ι
181 2180 342 2236 nmmmqv
354 2157 543 2238 appellamus,
565 2159 653 2236 qunlin
666 2165 710 2222 336
718 2159 845 2237 pletura
866 2163 926 2220 6333
937 2158 1115 2221 inducendum
1126 2165 1185 2233 336,
1207 2159 1268 2218 363

181 2243 309 2306 ortem·
299 2263 330 2302 m
347 2249 413 2304 3366
430 2245 600 2317 3336363333
616 2243 669 2306 1333
686 2245 776 2319 33633,
804 2246 882 2323 quod
900 2251 944 2316 336
963 2243 1048 2307 officii
1067 2245 1128 2352 rui,
1149 2243 1289 2328 perficit..

180 2325 516 2406 dtqueitnabonrnibuo
530 2330 641 2391 dictum
648 2335 700 2392 est
801 2347 803 2353 ⁸

77 2477 82 2484 ‚
136 2475 139 2482 ,
265 2411 436 2491 didonem
448 2415 866 2486 66363366333611633363363
875 2415 980 2478 ortibus
990 2416 1108 2488 multum
1117 2418 1326 2478 3333333333·

178 2497 263 2559 Nam
260 2504 295 2558 et
315 2505 412 2577 potest
425 2501 598 2578 aliquando'
591 2521 653 2580 ipra
671 2521 716 2560 333
737 2519 789 2580 per
809 2521 840 2560 33
860 2503 1033 2582 inspectione
1051 2521 1112 2562 3333
1129 2507 1267 2562 contentu

179 2577 328 2654 1136636633
342 2581 509 2644 theotecto
521 2590 632 2646 oratore
648 2588 735 2646 3663333
748 2587 874 2648 tacente:
897 2593 927 2646 et
941 2607 964 2646 33
956 2589 1092 2647 ’63363366
1104 2607 1203 2674 ogere,
1225 2583 1280 2644 vel·

156 2669 323 2759 :proposito
336 2671 380 2730 vel
393 2669 483 2748 aliquo
497 2689 576 2746 3333,
596 2670 763 2754 impeditus,
785 2673 944 2750 nonmagis
957 2672 1067 2732 desinet
1086 2691 1146 2740 3333
1164 2677 1282 2747 ‹qr-otor,
1349 2719 1352 2726 ,

180 2773 265 2831 quam
277 2755 416 2829 medicus,
438 2777 515 2834 qur
476 2756 614 2816 curandi
627 2755 725 2816 secent
736 2757 828 2816 furem
849 2751 926 2816 Nam
938 2765 981 2816 est
994 2755 1109 2843 aliquis,
1130 2763 1163 2814 a'c
1175 2753 1295 2815 33333634
1361 2793 1366 2801 -

180 2857 219 2898 333
230 2840 364 2901 maximus
378 2843 477 2914 etiam,
502 2861 541 2902 33
553 2829 666 2900 3333363
685 2839 785 2900 studiis
804 2821 924 2915 63636333,
945 2861 979 2900 33
990 2845 1050 2911 turn
1060 2861 1132 2920 poro
1140 2839 1269 2920 voluptas

179 2923 337 2998 literarum,
358 2941 426 2984 curm
431 2928 468 2984 ab
482 2933 561 2999 3366,
581 2926 669 2986 idest
682 2945 783 3004 opere,
805 2932 978 2986 recesserunt
988 2932 1017 2986 et
1032 2925 1269 3006 contemplatione

179 3021 222 3070 ’3333
213 3009 369 3069 ’.6333336333
413 3011 473 3071 Sed
491 3006 635 3092 3663366333
656 3029 768 3092 qnoque
785 3005 890 3089 aliquid
910 3011 998 3072 simile
1011 3014 1120 3092 scriptis
1134 3011 1268 3070 orationi·
1276 3013 1293 3068 5

179 3095 248 3168 bus,
268 3095 311 3155 vel
322 3097 453 3164 historiis
472 3080 588 3176 (quod‘
580 3109 671 3176 rpsu'm
690 3114 761 3178 opus
782 3099 811 3156 in
826 3104 907 3178 parte
927 3098 1048 3157 oratoria
1066 3099 1166 3158 merito
1184 3097 1268 3175 poni-

55 3185 59 3192 '
181 3138 270 3254 133331,
291 3171 483 3260 consequetur.
514 3185 663 3248 Sitnmen·
664 3203 723 3249 une
733 3203 767 3244 ex
779 3182 866 3248 661333
879 3181 983 3260 ortubus
994 3181 1123 3246 habenda
1134 3184 1180 3254 336,
1202 3182 1277 3257 quia·

180 3267 313 3334 maximus
332 3269 391 3326 36333
411 3287 477 3329 usus
497 3275 561 3328 3363
581 3271 754 3342 continetur,
764 3275 861 3346 'atque
877 3275 924 3350 336
943 3271 973 3348 in
985 3288 1018 3328 eo
1031 3267 1268 3367 frequentirsirno3

135 3388 141 3404 ·
179 3351 290 3410 6633633
301 3355 409 3428 activa,
421 3357 465 3416 vel
478 3355 714 3439 administratum
729 3373 793 3414 nam
806 3362 835 3414 36
847 3355 901 3414 1333
913 3354 1036 3414 eiusdem
1046 3353 1088 3412 rei
1099 3369 1203 3409 nomen
1214 3356 1267 3409 336.

265 3435 343 3498 XIX
369 3439 434 3500 Scio
449 3441 545 3520 quaeri
558 3443 660 3516 etiam,
680 3446 813 3499 naturane
830 3440 890 3520 plus
912 3441 949 3499 36
969 3437 1165 3536 doquentiaqn·
1173 3437 1269 3497 conse-
1340 3495 1345 3500 .

179 3527 255 3599 rat,-
256 3543 307 3584 an
315 3521 461 3600 doctrino.
500 3523 585 3599 Quod
603 3527 642 3590 od
655 3512 832 3632 propositum
848 3527 962 3606 quiderp
980 3523 1068 3585 nostri
1089 3520 1181 3604 operis
1200 3516 1270 3584 nihil

248 3725 319 3794 543.
337 3729 367 3784 66
402 3671 433 3796 31
459 3729 517 3782 Hoc
536 3745 585 3800 pro
607 3729 677 3800 vulg
698 3729 733 3784 16
750 3708 819 3799 quod
837 3727 939 3782 restitui
955 3743 986 3782 ex
1002 3727 1093 3784 Guell
1107 3730 1194 3784 Goth.
1200 3727 1269 3780 6333.

180 3792 567 3868 Bodl.10an.rm.Regg.13
581 3802 609 3852 36
618 3817 699 3883 princ
710 3799 751 3854 ed.
759 3800 850 3882 Camp.
852 3799 903 3866 (ut
915 3797 992 3852 Klein
1006 3798 1144 3856 6336363331.
1156 3817 1178 3851 3
1186 3808 1270 3864 quun

200 3883 271 3928 unm,
289 3867 352 3937 quid
371 3865 407 3922 cit
430 3869 517 3921 verius
537 3868 672 3938 recepta·
665 3887 692 3922 333
710 3868 750 3920 hir
770 3867 843 3921 libne
863 3863 1005 3939 scriptum,
1023 3888 1076 3926 non
1090 3867 1178 3934 dixit.)
1192 3863 1270 3917 Andr.
1363 3885 1365 3890 ·

108 3935 114 3952 '
180 3885 272 3991 Xocat.
286 3936 457 3993 tumexedd.
472 3937 533 3990 ante
547 3937 650 4007 Gryph.
664 3939 790 3993 omuibus.
826 3910 1017 3999 Coniusaehoe
1032 3937 1137 3992 voculas
1151 3951 1230 4002 caepe
1245 3931 1271 3984 in

179 4004 264 4063 codd.
280 4023 337 4062 3333
354 4005 575 4066 docetDrakenb.
590 4003 623 4060 36
640 4007 697 4062 niv.
712 4007 733 4074 1,
752 4011 778 4070 8,
797 4010 823 4065 6
849 4007 942 4076 Spold.
962 4010 1012 4064 3636
1026 4011 1093 4060 hanc
1105 4005 1164 4060 lect
1179 4003 1272 4073 proba-

177 4071 234 4140 366,
251 4092 303 4136 noo
323 4081 410 4130 633336
428 4077 537 4152 recepit.
572 4077 642 4148 Vulg
626 4085 686 4134 uoto
701 4048 797 4146 33111333
819 4077 937 4138 133636
911 4096 964 4132 mn
976 4094 1009 4130 ex
1024 4078 1133 4130 33333366.
1153 4071 1212 4172 edd.
1224 4087 1272 4124 au·

178 4145 334 4199 3633666333.
386 4206 406 4222 Ι,
1020 4212 1064 4274 12
1135 4199 1140 4209 ‚
