2788 4452
385 207 507 276 rusa.
538 205 866 287 canicunis.
887 206 917 286 1,
940 210 991 276 1.·
1035 307 1039 316 .
1161 170 1217 272 -11'

70 409 76 422 .
133 375 385 453 apparaverunt,
405 363 483 444 qnod
497 361 678 442 illeptimimi
694 367 772 424 aetas
787 366 817 422 et
829 358 995 422 intdiecbum
1014 359 1219 440 disdplinnm

134 478 235 540 cepere
249 463 278 518 et
290 447 596 530 booremparipossit.
635 446 668 506 ln
682 466 739 524 qua
753 445 891 513 sententia
908 445 1066 508 Hesiodum
1082 465 1146 507 esse
1156 445 1220 524 plu,-

93 559 128 606 ra
135 544 197 607 rimi
208 543 336 615 undant,
356 537 405 618 qui
416 540 482 598 ante
494 531 711 595 Grammaticum
722 529 935 610 Anatopbanem
954 533 1073 592 firmant.
1106 528 1182 591 Nam
1193 531 1218 590 is

134 628 241 710 primus
255 615 437 702 ὑποθήκας,
456 621 552 696 inquo
566 616 636 676 libro
649 617 781 702 scripbum
793 613 847 678 boc
856 615 1009 692 memini,
1029 616 1142 692 negavit
1156 635 1219 677 osse
1292 623 1296 630 '

9 735 10 738 ¹
65 703 69 710 ’
127 713 217 774 buius
230 712 340 790 poetae.
375 707 435 766 Sed
455 704 505 764 aiii
524 719 636 781 quoquc
656 707 802 773 auctores,
827 700 903 762 inter.
919 719 990 777 quos
1004 701 1267 776 Eratostheneq'tb
1326 741 1338 756 .

135 797 212 858 idem
223 796 434 882 praeceperint.
477 786 578 850 Melius
599 792 710 862 autam,
731 783 899 864 quinullunn
912 790 1022 864 teinpus
1039 805 1139 848 vocure
1154 803 1220 846 crura

125 880 244 961 minut,
266 884 296 938 ut
314 862 498 956 Chrysippus.
540 871 617 936 Nam
629 873 671 948 is,
692 870 818 949 quumvis
833 869 1155 943 'nubiribuatriennium
1168 872 1220 938 de·

50 989 53 996 ·
128 966 208 1028 duit
219 969 315 1024 tannen
327 963 363 1022 ab
379 961 431 1020 illis
445 979 557 1038 quoque
571 959 628 1021 iam
643 957 848 1026 informandum
859 973 942 1034 quom
956 954 1068 1034 optimis
1089 955 1220 1017 institutis

134 1056 256 1120 mentem
267 1046 412 1124 infantiiun
426 1041 538 1108 indicat.
556 1043 631 1104 'Cur
645 1049 739 1106 autem
750 1061 810 1104 non
824 1041 963 1125 pentineet
973 1040 1011 1099 ad
1024 1039 1118 1102 literas
1130 1046 1220 1114 aetna,
1229 1044 1260 1098 17

73 1205 77 1212 ,
134 1153 208 1214 quae
225 1134 264 1194 ed
280 1151 373 1200 moneo
386 1126 600 1212 iampertineti
636 1127 740 1206 Neque
752 1128 869 1205 ignoro,
889 1132 950 1186 toto
963 1125 1028 1201 illo,
1049 1127 1087 1186 de
1103 1143 1160 1208 quo
1176 1123 1221 1184 lo-
1377 1151 1381 1182 4

28 1252 33 1257 ·
135 1239 221 1299 quor,
240 1224 367 1298 tempore
378 1216 424 1276 vix
435 1221 544 1276 tanbun
557 1211 645 1286 effici,
663 1219 799 1290 quantum
810 1214 937 1274 conferre
951 1231 1028 1274 unus
1037 1216 1140 1290 postes
1151 1229 1220 1290 pos-

134 1307 287 1367 aitannus:
307 1304 360 1364 sed
373 1307 467 1362 tamen
485 1299 570 1374 mibi,
592 1298 640 1375 qui
657 1297 688 1359 id
701 1304 864 1374 sensomnt,
884 1298 1012 1384 videntur
1024 1315 1082 1361 uon
1097 1303 1155 1356 tam
1176 1295 1220 1356 di-

134 1388 315 1450 scentibusin
333 1387 495 1464 isanparto,
517 1401 602 1462 quum
617 1383 792 1458 docentibus,
813 1383 983 1463 pepercisse.
1028 1381 1103 1451 Quid
1122 1380 1262 1450 meiiiulss

135 1473 238 1552 alioqui
250 1471 368 1544 facient,
389 1488 425 1530 ex
437 1467 583 1546 qnoloqui
594 1467 749 1545 poterunti
769 1469 888 1528 Faciant
898 1469 973 1530 enim
988 1468 1092 1545 aliquid
1103 1485 1220 1551 necesse

134 1564 187 1620 est.
227 1555 285 1618 Aut
300 1574 348 1615 cur
367 1554 438 1628 boc,
458 1551 732 1632 'quantulumcunque
748 1558 808 1626 est,
843 1565 934 1629 usque
949 1553 989 1612 ad
1007 1559 1114 1630 septem
1131 1571 1220 1612 annm
1312 1579 1317 1588 ·

133 1637 447 1706 lucrum'fnstidiamus‘i
475 1631 552 1700 Nam
564 1642 640 1699 certe
651 1637 803 1715 quamlibet
816 1655 933 1726 parvum
945 1638 991 1712 sit,
1012 1637 1091 1716 quod
1098 1636 1224 1698 concile
1289 1661 1294 1668 ·

84 1765 92 1782 ι
132 1729 170 1790 tit
189 1732 266 1790 aetas
281 1726 374 1805 prior,
392 1726 498 1786 maiora
511 1723 717 1800 cumulique
738 1724 826 1786 discet
843 1741 914 1802 puer
927 1743 961 1784 eo
973 1723 1037 1802 ipso
1051 1741 1142 1799 anno,
1161 1733 1217 1800 quo

132 1813 240 1874 minora
252 1811 403 1873 didicisset.
430 1810 496 1871 Hoc
508 1829 561 1890 per
571 1807 697 1886 singulos
713 1827 802 1871 annos
808 1814 1013 1888 prorogabunt,
1042 1808 1261 1876 insummnmre

132 1897 257 1976 proficit:
285 1900 460 1975 etjquantnm
480 1891 510 1953 in
531 1894 648 1954 infantia
667 1899 861 1975 praesqmtuni
880 1900 924 1956 est
947 1893 1097 1978 temporis,
1125 1892 1221 1956 adolo-

133 1981 255 2044 scentiae
275 1981 432 2064 acqmribu.
481 1979 561 2060 Idem
578 1975 662 2043 etiam
683 1979 720 2040 de
739 1979 919 2058 sequentibus
939 1981 1020 2040 annis
1041 1985 1220 2059 praecepbim

133 2067 185 2128 sit:
214 2085 266 2146 ne,
295 2068 372 2146 quod
389 2065 488 2146 cuique
510 2063 678 2146 discendum*
692 2070 752 2144 est,
779 2083 842 2124 sero
855 2064 972 2138 discere
990 2064 1111 2144 incipiet.
1153 2061 1222 2124 Nou

134 2171 202 2230 ergo
221 2151 371 2234 perdamus
386 2149 504 2230 primum
518 2150 612 2208 statim
625 2153 856 2224 tempus3ptq11e
871 2167 905 2206 eo
919 2148 1010 2206 minus
1018 2191 1028 2221 ,
1049 2147 1125 2226 quod
1140 2147 1221 2206 initia
1292 2177 1295 2186 ·

132 2237 273 2296 literarum
287 2233 347 2294 sola
358 2234 491 2292 memoria
503 2237 648 2308 constant,
668 2251 741 2312 quae
752 2249 823 2310 ‚non
838 2232 924 2299 modo
939 2233 995 2292 iam
1012 2237 1056 2293 est
1070 2231 1100 2290 in
1116 2232 1221 2313 parvis,

133 2318 628 2398 sedtuneumtenoussimaesc‚
720 2388 724 2400 .
769 2365 799 2380 ..
878 2381 937 2396 .

93 2433 124 2478 19
219 2401 281 2490 Nec
294 2423 355 2472 sum
369 2391 444 2465 adeo
459 2395 580 2466 aetatrun
591 2403 775 2484 inipmdens,‚
789 2402 998 2482 utinstandnm
1012 2403 1116 2467 teneris
1128 2402 1262 2484 proti-20
1279 2457 1306 2476 „

134 2509 186 2553 mu
203 2489 303 2550 acerbe
316 2494 412 2570 putem
425 2489 646 2568 exigendamque
659 2489 771 2572 plenam
789 2508 910 2570 operam.
951 2486 1027 2561 Nem
1037 2481 1068 2550 id
1082 2489 1217 2569 inprimis
1270 2523 1272 2528 .

133 2594 231 2636 cavere
243 2574 401 2652 oportebit,
420 2593 459 2634 ne
472 2575 584 2648 studia,
605 2573 654 2656 qui
673 2591 768 2656 amare
789 2575 1041 2654 nondumpotest,
1063 2577 1170 2650 oderit,
1191 2581 1220 2638 et

133 2659 341 2720 amaritudinem
363 2658 451 2720 semel
465 2660 728 2742 perceptametiam
750 2659 822 2738 ultra
838 2661 922 2720 rudes
944 2679 1033 2718 annos
1048 2662 1218 2726 reformidet
1308 2661 1310 2668 '

11 2767 15 2794 ·
132 2743 224 2812 Lusus
242 2744 287 2804 hic
303 2744 355 2802 sit:
383 2750 413 2804 et
429 2751 560 2826 rogetur5
580 2750 609 2802 et
624 2743 980 2822 laudebu‚·et‚nunqunrn
1002 2763 1060 2804 uon
1080 2745 1167 2804 scisse
1187 2766 1218 2805 se

133 2829 272 2910 gqudentz
297 2825 446 2903 aliquando
466 2829 530 2908 ipso
545 2827 658 2886 nolente
671 2829 803 2890 doceabur
816 2827 902 2905 abiis,
925 2829 968 2888 cui
982 2829 1112 2890 invideat.
1135 2824 1218 2890 'Con-
1303 2845 1311 2861 ·

41 2895 47 2918 ⁸
132 2913 231 2972 tendat
251 2911 378 2990 interim,
398 2918 427 2973 et
441 2913 553 2993 saepius
573 2911 683 2972 vincere
704 2931 736 2974 se
754 2917 847 2991 putet:
873 2913 1004 2994 praemiis
1024 2914 1125 2993 etiem,
1147 2935 1218 2996 quae
1279 2981 1282 2988 Δ

132 2998 206 3078 capit
223 2996 272 3059 illa
287 3003 380 3075 aetas,
400 3005 537 3060 evocetur.
890 3049 892 3056 ,
1323 3046 1325 3055 ,

121 3130 124 3134 .
147 3159 150 3166 γ
217 3077 308 3144 Pniaa
328 3083 473 3161 docemus,
499 3081 697 3147 instituendum
713 3090 852 3157 oratorem
868 3085 1003 3166 professi3
1032 3085 1257 3152 sedestsua21
1300 3154 1302 3162 Ι

74 3236 79 3248 Ι
133 3205 342 3232 W

95 3299 98 3304 ·
202 3283 275 3348 §15.
290 3285 403 3340 inborero
414 3286 644 3356 praesupmsit]
663 3285 748 3350 Quod*
756 3284 955 3340 reuiuacsne
963 3285 1019 3340 Ion.
1032 3285 1050 3340 1.
1066 3285 1216 3342 cecodd.
1312 3339 1313 3342 ,

132 3367 190 3412 curn
202 3351 236 3406 ai.
248 3357 302 3406 tum
311 3353 395 3408 Paria.
404 3358 429 3410 1.
436 3360 465 3410 et
475 3354 516 3409 sd.
523 3353 614 3426 Canop.
633 3356 776 3413 Addendus
786 3363 827 3416 est
835 3355 925 3410 Aldus.
938 3355 1078 3410 Deloverat
1090 3373 1142 3408 oon
1149 3355 1220 3414 lium,

80 3439 84 3446 ·
132 3437 236 3474 manuue
254 3422 333 3475 trium
350 3423 434 3476 codd.
453 3424 619 3480 anctoritate.
659 3423 905 3495 (AcceduntCodd.
920 3424 986 3494 Reg.
1000 3425 1085 3478 Paris.
1101 3426 1128 3480 2.
1141 3427 1168 3480 8.
1189 3424 1216 3477 in
1264 3414 1271 3432 ⁴

132 3489 245 3544 Miscell.
260 3490 319 3544 crit.
333 3491 436 3545 Hildes.
451 3493 527 3547 1822.
542 3493 584 3559 ΙΙ,
602 3495 674 3563 app.
691 3493 752 3552 489.
766 3496 801 3556 ¹in
821 3493 914 3564 quibus
929 3494 1003 3547 libris
1017 3499 1059 3546 est
1074 3495 1138 3562 poti
1152 3511 1216 3564 poo-

132 3557 191 3627 sr't.)
210 3559 382 3616 Burmannum
401 3561 429 3614 in
442 3559 554 3617 dolendo
572 3581 624 3616 non
637 3571 743 3617 secutus
754 3562 845 3632 Spaid.
860 3579 876 3616 e
894 3564 983 3616 Gucli‘.
1003 3563 1104 3633 recepit
1117 3571 1215 3632 posset.

132 3629 167 3680 At
180 3627 273 3691 Quint.
285 3629 351 3684 hanc
361 3627 508 3700 ¹sententias
523 3644 625 3685 causam
641 3648 692 3685 non
711 3632 812 3696 reiicit,
830 3631 877 3685 sed
894 3636 997 3686 tantm
1017 3647 1067 3684 non
1081 3631 1216 3702 plurimum
1296 3665 1299 3672 ·

132 3695 159 3748 ei
170 3695 269 3751 tribuit
305 3699 397 3762 anre
406 3701 491 3768 possit
502 3701 586 3754 refert
605 3699 638 3754 ad
651 3703 824 3756 instibmidoa
843 3715 911 3766 ease,
937 3717 987 3755 non
1001 3701 1035 3754 ad
1048 3709 1215 3784 putaverint.
1241 3709 1247 3722 ¹
1329 3765 1331 3768 Ι

118 3763 213 3838 'Panlo
223 3773 284 3822 ante
298 3785 347 3840 pro
357 3770 472 3839 primm
484 3768 582 3838 legitur
601 3769 686 3824 iri-ed.
699 3771 809 3826 Vascos.
821 3771 890 3840 apud
909 3771 999 3826 Burin.
1017 3789 1061 3840 qm
1079 3770 1112 3823 de
1131 3769 1214 3822 Codd.

129 3837 1215 3964 arcuere-cesare·¹cauedurrc³eiauei
1263 3903 1265 3910 ι

36 3953 46 3966 “
128 3969 215 4039 cedit,
232 3981 260 4026 et
275 3943 366 4039 dunt.
384 3923 478 4042 <idac
494 3978 536 4032 ra.
554 3925 724 4049 campie..
737 3989 765 4034 ec
774 3945 857 4044 1,'11‚
874 3980 900 4032 a.
920 3923 1168 4048 misqprino.·it
1186 3976 1214 4037 2.

127 4038 154 4095 4.
167 4058 219 4096 non
230 4045 358 4111 primos.
369 4046 445 4113 prior
461 4053 544 4100 aetna
579 4046 674 4118 Neque
693 4055 827 4118 opuserst
841 4063 906 4103 voce
915 4051 1020 4118 primu,
1037 4061 1095 4098 cum
1115 4048 1215 4114 septem
1291 4071 1294 4078 ·

128 4127 251 4166 annorum
267 4119 380 4171 aetutem
392 4113 557 4184 intelligeret.
594 4118 721 4188 Comp.,§
737 4120 773 4176 20
787 4124 854 4174 extr.
870 4148 873 4157 ·
