2788 4452
276 175 279 182 ’
364 263 369 272 ,
433 181 555 246 rusa.
585 133 1034 255 osmannae
1090 245 1093 256 .
1223 195 1266 256 rs
1334 155 1365 196 ³

173 321 261 416 ,dieat
302 339 425 402 dtenim
438 340 625 400 ernendationi
635 340 868 420 praelectionique
880 361 1010 404 numeros
1022 343 1124 416 obstat.¹
1160 344 1204 404 sit
1219 345 1263 404 in·
1272 353 1305 409 15

135 433 137 440 ’
175 428 365 501 commodum,
380 426 468 500 .(nam
479 425 548 500 quid
564 427 623 484 fere
641 426 761 500 undique
779 426 909 504 placati)
930 449 996 488 mox
1008 429 1075 488 illud
1092 431 1259 507 comparabi-

175 535 239 574 mus
251 513 412 574 commodis.
454 509 517 568 Nec
534 516 699 584 egotamen
716 530 749 567 eo
762 513 832 570 mitti
843 533 958 589 puerum
974 514 1053 588 volo,
1075 513 1123 572 nbi
1135 515 1261 591 negliga-

46 623 62 648 ·
133 613 165 656 29
177 607 228 660 tur.
239 661 241 666 ,
272 597 332 655 seu
343 614 434 673 neque
446 600 610 673 praeceptor
619 596 709 654 bonus
720 595 824 654 maiore
837 600 973 672 mintha,
995 619 1078 677 quam
1095 605 1125 656 ut
1140 601 1260 660 sustine-

176 705 207 744 re
224 703 284 742 eam
302 682 406 759 possit,
428 681 594 738 oneraverit:
617 685 652 739 et
668 678 697 737 in
715 679 813 756 primis
833 700 866 738 ea
883 681 1010 745 habenda
1028 705 1093 744 cura
1109 685 1259 758 est„utis

116 763 119 774 '
138 803 141 808 ·
176 768 347 827 omnimodo
360 767 408 824 fiat
417 766 498 824 nobis
507 765 677 824 familiariter
688 757 805 838 a'rnicus,
827 785 879 826 nec
889 767 1048 850 officiumin
1057 769 1181 828 docendo
1194 790 1260 847 spe-

175 859 245 926 ctet,
268 853 318 912 sed
334 851 478 910 affectum:
504 852 545 908 ita
559 870 701 928 nunquam
718 851 818 909 erimus
838 852 868 910 in
888 853 976 910 turba.
1018 849 1081 912 Nec
1097 873 1164 914 sane
1183 853 1301 930 quis-16

174 958 271 1015 quarm
293 937 379 994 literis
393 938 492 995 saltem
499 935 601 994 leviter
609 937 742 1009 imbutus,
765 955 841 1009 eum,
864 938 893 994 in
906 957 961 1014 quo
970 939 1092 998 studium
1104 939 1263 1013 ingemina-¹

173 1043 228 1100 qne
246 1023 434 1110 perspeperit,
462 1041 521 1081 uon
537 1022 568 1078 in
583 1041 665 1080 suam
684 1041 796 1098 quoque
820 1021 938 1098 gloriam
954 1023 1131 1100 peculiariter
1145 1024 1257 1084 fovebit

171 1110 231 1168 Sed
243 1108 433 1182 nttugiendae
444 1107 500 1166 sint
511 1125 631 1182 magnae
643 1105 766 1179 scholae,
789 1106 847 1180 (cui
864 1128 901 1166 ne
912 1109 967 1185 ipsi
978 1110 1091 1186 quidem
1109 1108 1149 1168 rei
1160 1128 1257 1168 assen-
1373 1175 1375 1179 ,

170 1195 236 1267 tior,
258 1193 283 1250 si
294 1194 332 1254 ad
342 1193 463 1270 aliquem
473 1193 572 1250 merito
583 1192 766 1268 concurritur)
780 1211 837 1250 non
849 1199 944 1252 tamen
955 1194 1007 1252 boc
1020 1215 1054 1254 eo
1067 1194 1147 1266 valet,
1168 1199 1200 1250 ut
1211 1196 1255 1252 fu-

72 1299 76 1303 ·
169 1280 289 1356 giendm
304 1281 360 1336 sint
373 1279 486 1336 omnino
498 1277 616 1336 scholae.
638 1276 721 1336 Aliud
737 1283 780 1336 est
796 1279 871 1338 enim
882 1281 969 1339 vitare
986 1301 1044 1353 eas,
1056 1280 1131 1338 alind
1142 1278 1255 1355 eligere.

252 1363 292 1421 Et
303 1366 327 1421 si
338 1365 532 1435 refutavimus,
554 1381 627 1438 quae
639 1369 734 1439 contra
746 1365 884 1438 dicuntur,
906 1365 962 1424 iam
980 1366 1166 1446 explicemus,
1185 1359 1297 1440 quid17
1334 1433 1337 1440 1

77 1499 79 1504 .
167 1451 223 1526 ipsi
235 1467 391 1523 sequamur.
433 1448 632 1519 Antemnis,
654 1449 760 1504 futunrs
779 1454 885 1522 orator,
907 1452 990 1508 cniin
1007 1453 1126 1510 maxima
1138 1449 1296 1514 celebri-18

168 1539 227 1592 tate
238 1538 267 1592 et
278 1534 308 1590 in
318 1535 411 1592 media
422 1529 590 1609 reipublicae
599 1529 660 1590 luce
670 1532 816 1592 vivendum
828 1538 885 1605 est,
904 1542 1045 1594 assuescat
1055 1534 1110 1594 iarn
1122 1556 1139 1594 a
1156 1541 1252 1594 tenero

166 1637 225 1676 non
246 1619 426 1678 reformidare
437 1617 580 1689 homines,
602 1636 695 1693 neque
714 1617 760 1676 illa
778 1617 901 1676 solitaria
919 1623 947 1677 et
964 1617 1039 1678 velut
1051 1619 1188 1696 umbratili
1196 1622 1253 1678 vita

52 1715 54 1724 “
165 1704 325 1784 pallescere.
367 1703 522 1762 Excitanda
538 1723 618 1763 mens
635 1708 665 1762 et
683 1702 838 1772 attollenda
855 1724 966 1782 semper
984 1710 1043 1778 est,
1067 1704 1182 1780 quaein
1200 1705 1251 1764 bu-

166 1791 286 1848 iusmodi
298 1791 413 1849 secretis
424 1796 474 1847 aut
486 1789 657 1866 languescit,
681 1795 710 1848 et
723 1791 862 1866 quendam
872 1789 948 1848 velut
961 1788 989 1850 in
1002 1811 1089 1869 opaco
1102 1791 1186 1849 situm
1199 1791 1250 1848 du·

166 1877 220 1948 cit,
243 1880 292 1933 aut
302 1881 400 1934 contra
409 1876 540 1936 trnneseit
552 1877 628 1934 inani
640 1877 833 1952 persuasione:
854 1895 970 1934 necesse
989 1883 1033 1938 est
1046 1877 1126 1936 enim.
1140 1877 1193 1935 sibi
1205 1877 1249 1934 ni·
1341 1879 1345 1892 '

165 1962 251 2020 mium
274 1962 394 2034 tribuat,
430 1963 478 2038 qui
496 1961 651 2020 sanemini
672 1967 823 2040 comparat.
866 1960 978 2020 Deinde
1000 1977 1067 2034 erun,
1080 1962 1248 2039 proferenda
1257 1965 1290 2017 19
1383 1959 1384 1966 ’

164 2052 232 2106 sunt
255 2047 375 2120 studia,
386 2047 489 2122 caligat
502 2049 532 2104 in
545 2046 623 2120 sole,
653 2052 683 2105 et
700 2047 792 2104 omnia
810 2065 883 2104 nova
899 2046 1034 2118 offendit,
1057 2053 1089 2102 ut
1104 2047 1152 2121 qui
1171 2045 1247 2104 solus

122 2137 154 2200 ,80
164 2133 305 2206 didicerit,
328 2135 404 2208 quod
422 2134 497 2191 inter
514 2132 616 2190 multos
636 2131 792 2189 faciendum
807 2137 858 2188 est.
902 2129 989 2187 Mitto
1004 2129 1157 2202 amicitias,
1176 2135 1289 2206 quaeto

101 2237 104 2242 ·
164 2219 202 2274 ad
214 2223 389 2275 senectutem
400 2235 488 2292 usque
499 2217 673 2274 tinnissimae
685 2217 799 2285 durant,
821 2213 952 2288 religiosa
964 2215 1084 2291 quadarn
1095 2215 1247 2276 necessitu-
1264 2244 1271 2256 ·

124 2373 128 2382 ,
164 2302 231 2359 dine
242 2300 372 2360 imbutae.
415 2301 516 2376 Neque
535 2303 608 2362 enim
626 2305 671 2361 est
688 2301 809 2359 sanctius
827 2300 913 2358 sacris
928 2300 1028 2359 iisdem
1046 2317 1128 2378 quam
1146 2301 1254 2358 studiis

161 2387 274 2446 initiari.
317 2387 436 2448 Sensum
447 2389 554 2464 ipsrnu,
577 2387 624 2466 qui
634 2386 785 2450 eommunis
803 2386 917 2459 dicitur,
940 2385 987 2444 ubi
1007 2387 1111 2460 discet,
1128 2406 1197 2444 ‘cum
1214 2405 1245 2446 se
1289 2421 1293 2436 ι

160 2492 179 2532 a
190 2491 342 2548 congressu
349 2515 358 2547 ,
381 2473 503 2550 quinon
519 2475 676 2532 bominibus
693 2473 782 2531 solum
800 2475 851 2532 sed
863 2473 947 2530 mutis
958 2491 1069 2548 quoque
1081 2471 1244 2531 animalibus
1280 2477 1284 2486 '

146 2557 295 2618 ¹'naturalis
306 2565 368 2634 est,
391 2557 568 2634 segregarit?
588 2557 687 2631 Adde,
710 2560 786 2636 qnod
805 2559 882 2618 domi
900 2557 1004 2616 casola
1016 2558 1123 2617 discere
1135 2563 1241 2636 potest,

97 2673 102 2680 ·
159 2639 231 2720 quae
243 2645 298 2720 ipsi
310 2644 527 2720 praecipientur,
547 2646 577 2702 in
588 2644 696 2716 ecbola,
720 2646 804 2702 etiarn
817 2662 888 2719 quae
901 2643 972 2702 aliis.
1013 2641 1132 2714 Audiet,
1154 2639 1282 2701 multatl
1346 2637 1383 2666 ·’

159 2729 286 2804 quotidie
296 2729 423 2804 probari,
445 2729 532 2786 multa
550 2729 664 2803 corrigi:
685 2728 812 2804 proderit
830 2728 942 2786 alicuius
956 2726 1102 2800 obiurgata
1116 2725 1240 2786 desidia:

98 2825 101 2830 ‘
157 2812 287 2892 proderit
296 2811 409 2870 laudata
422 2813 572 2870 industria:
596 2813 758 2870 excitabitur
772 2809 854 2869 laude
870 2810 1033 2870 aemulatio:
1054 2815 1138 2886 turpe
1157 2809 1283 2868 ducettt

70 2975 72 2982 Α
158 2898 258 2957 cedere
275 2897 352 2975 pari,
382 2896 524 2974 pulchrum
543 2917 689 2974 superasse
707 2896 834 2954 maiores.
876 2893 1040 2954 Accendunt
1063 2896 1155 2954 omnia
1171 2895 1239 2955 baec

156 2985 280 3055 animos3
302 2988 331 3041 et
343 2981 408 3040 licet
418 2983 481 3060 ipsa
489 2983 586 3041 vitium
597 2983 635 3042 sit
646 2983 776 3054 ambitio,
797 2983 958 3058 frequenter
975 2980 1071 3042 tamen
1083 3001 1168 3042 causa
1183 2982 1239 3039 vir·

155 3075 248 3127 tutum
267 3074 321 3127 est.
364 3067 432 3127 Non
445 3068 571 3129 inutilem
588 3069 645 3127 scio
662 3074 800 3128 servatum
818 3087 881 3126 esse
903 3066 1281 3150 apraeceptoribusmeistd

155 3173 276 3226 morem,
299 3153 361 3232 qui,
385 3174 446 3212 cum
464 3175 565 3232 pueros
582 3155 612 3213 in
622 3153 730 3214 'classes
749 3153 961 3226 distribuerant,
984 3154 1109 3212 ordinem
1128 3152 1237 3210 dicendi

156 3239 306 3298 secundum
318 3239 390 3297 vires
407 3240 512 3316 ingenii
530 3239 648 3300 dabant:
673 3245 702 3298 et
719 3241 759 3298 ita
776 3239 918 3318 superiore
935 3237 995 3296 loco
1015 3239 1131 3314 quisque
1144 3235 1236 3296 decla-

154 3325 263 3397 mahat,
286 3331 319 3384 ut
329 3328 496 3401 praecedere
513 3329 640 3404 profectu
652 3325 805 3384 videbatur.
844 3323 939 3388 ¹Huius
952 3323 992 3382 rei
1004 3323 1105 3380 iudicia
1119 3320 1236 3397 praebe
1244 3313 1279 3372 24

153 3409 268 3470 bantur:
281 3427 314 3468 ea
324 3411 404 3470 uobis
415 3413 515 3486 ingens
525 3411 635 3490 palmae
647 3410 805 3480 contenti03
817 3409 918 3466 ducere
929 3427 995 3466 vero
1007 3407 1134 3476 classem,
1144 3403 1235 3462 multo

112 3492 373 3574 atpulcberrimur'n.
416 3497 478 3555 Nec
497 3499 533 3556 de
555 3496 608 3554 boc
626 3495 711 3556 semel
729 3495 871 3552 decretum
890 3497 966 3551 erat:
1000 3490 1155 3550 tricesimus
1174 3489 1235 3549 dies
1320 3499 1323 3504 '

152 3581 289 3640 reddebat
305 3581 378 3658 victo
390 3581 547 3640 certaminis
564 3575 744 3659 potestatem.
788 3579 832 3636 lta
845 3573 896 3634 nec
911 3575 1036 3652 superior
1048 3594 1176 3634 successu
1187 3593 1234 3632 cn-
1333 3651 1335 3658 Ι

117 3719 123 3734 ,
151 3675 210 3724 ram
222 3665 398 3739 remittebat,
421 3672 451 3728 et
463 3665 544 3727 dolor
554 3666 657 3728 victum
667 3665 705 3724 ad
717 3655 910 3743 depellendam
922 3661 1100 3737 ignominiam
1112 3661 1233 3720 concita-

219 3817 292 3880 820.
310 3817 437 3886 religioso
447 3817 565 3884 modom
576 3793 763 3873 necessitudine
774 3811 904 3878 imbutae]
926 3809 988 3866 Non
1002 3829 1068 3881 opus
1082 3797 1125 3862 est
1141 3805 1232 3862 lectio·

103 3943 107 3948 ¹
151 3899 183 3936 ue
198 3888 324 3950 munitae,
347 3903 424 3956 quam
438 3886 603 3940 aGebbardo
616 3887 697 3956 Crep.
709 3887 730 3950 l,
747 3889 787 3942 11.
799 3902 814 3936 e
828 3883 892 3935 Cod·
903 3881 982 3935 Pelet
996 3879 1154 3950 propositam
1167 3876 1232 3957 Sars

138 3955 270 4036 -psrtnab
287 3957 369 4039 pti.
384 3956 441 4010 vult
459 3955 583 4039 restitui..
608 3953 796 4038 bt'·religiosi‚
813 3951 930 4033 quodie
950 3948 1061 4002 amicitia
1074 3948 1157 4009 inest,
1180 3961 1232 3998 mm
1287 3988 1294 3994 .
1360 3963 1362 3968 ·

148 4039 230 4092 Μ’·
243 4025 759 4170 'itit:luttlttflgttltttts
778 4019 1099 4150 'etlflltlttulfu
1113 4058 1232 4138 cums
