2738 4442
50 192 54 202 ’
106 163 197 258 'rra
429 182 482 268 u„
510 180 608 246 usn.
638 177 955 252 oornrmmnr

135 345 171 415 Q.
188 343 285 404 Varius
299 339 472 416 &motem
484 341 526 398 ott
535 335 678 396 omues
692 333 826 394 &usum
844 333 1033 412 conpulsum
1049 331 1143 413 populi
1154 329 1219 392 m-

134 433 208 491 mons'
217 427 382 508 prodidisse3
403 423 533 484 lomim
548 423 668 482 Scaurus
681 425 772 496 πεςαι
804 420 859 478 Cui
870 419 960 480 simile
972 419 1103 496 qniddsm
1115 419 1220 478 fecisse

90 559 95 567 ,
134 517 285 597 Iphicrates
305 513 421 583 dicitur,
449 511 496 585 qni
522 527 583 566 cmn
605 506 846 584 Aristophontem,
873 523 929 582 quo
952 511 1100 564 rtccnsante
1121 503 1219 564 similis

135 599 255 662 crinsinis
269 615 333 656 rens
348 601 427 668 erat,
448 595 662 670 interrogasset,
682 593 727 650 An
737 593 763 649 lr
776 595 886 668 crocepw
895 593 1011 667 monnio
1029 589 1220 667 rempublicam

131 685 286 766 proditurus
298 681 383 740 oser
411 681 490 755 lupus
502 679 532 738 id
544 684 690 754 negasset,
717 674 797 742 Quod
810 679 915 751 igritssr,
936 677 1043 751 inquit,
1066 679 1097 732 tu
1107 672 1160 732 non
1170 673 1221 752 se-

96 774 235 842 llcisses,
257 786 305 842 ego
311 765 389 844 sect?
410 763 577 821 Intuendum
589 767 684 820 autem
698 768 743 833 et,
766 760 877 837 quisti,
905 761 979 840 apud
992 779 1075 836 quem
1089 760 1285 820 dictamnos
1356 749 1357 820 l

134 862 166 914 et
178 855 221 926 id,
244 849 372 928 quodilli
386 850 504 908 merisne
519 846 662 926 probabile
677 846 820 917 videatur,
839 846 1050 922 requirendum:
1072 845 1175 921 quade
1188 863 1222 903 re

95 943 128 998 12
136 939 220 998 loudi
231 955 323 994 smnus
334 940 366 992 et
377 932 514 1012 prooemii
527 939 556 992 et
575 933 714 990 suasoriae
734 932 900 1008 praeceptis.
942 929 1039 998 Altera
1055 949 1088 988 cs
1100 929 1221 1006 offinnn·

137 1029 207 1086 none
220 1021 351 1100 probatio
365 1017 425 1092 est,
446 1017 512 1093 Ego
524 1017 571 1076 loc
586 1014 662 1093 sect:
686 1014 730 1074 Tu
747 1015 814 1072 rooldi
827 1015 875 1073 loc
894 1015 1006 1078 dsunt:
1034 1022 1077 1089 et,
1102 1015 1127 1073 Ο
1141 1013 1220 1092 scici-
1356 1087 1357 1094 ἵ

134 1129 185 1170 nno
198 1105 359 1181 indiguerit.
376 1108 408 1161 et
425 1101 538 1175 similia3
560 1119 632 1176 quae
651 1120 708 1158 nou
728 1100 832 1160 debent
846 1101 957 1177 quidem
974 1101 1073 1160 deesse
1093 1099 1221 1172 contioni,
1249 1141 1252 1159 .

136 1200 180 1268 et,
201 1194 225 1254 si
245 1191 360 1261 desunt,
383 1188 498 1246 millium
516 1190 634 1246 nocent:
662 1190 828 1244 nontamen
841 1185 971 1246 habenda
990 1187 1142 1267 sunt-inter
1160 1203 1221 1244 mu·

137 1297 193 1355 guo
207 1273 361 1356 praesidia,
382 1291 443 1330 curn
457 1272 510 1328 hoc
525 1273 555 1330 in
568 1269 666 1331 eudem
680 1289 763 1328 causa
779 1270 840 1329 fieri
854 1291 888 1329 ex
907 1277 1026 1346 utruque
1045 1277 1126 1348 porte
1145 1269 1222 1328 simi·

57 1427 59 1434 y
94 1363 201 1422 13ttter
222 1361 319 1438 possit.
361 1355 427 1416 Illae
452 1357 585 1416 firmiores
606 1374 640 1414 ex
661 1373 712 1414 suu
734 1357 865 1432 cuiusque
887 1375 1008 1436 persono
1030 1346 1222 1435 probationes,
1293 1405 1301 1414 .

135 1465 207 1524 quae
228 1441 385 1504 credibilem
405 1441 543 1502 rationem
561 1440 711 1500 subiectam
728 1439 848 1499 habent:
868 1445 903 1500 nt
915 1441 1080 1514 cumaeo,
1099 1447 1150 1500 out
1156 1439 1223 1519 filio

25 1553 28 1562 ·
134 1533 242 1591 ortotm
256 1548 307 1588 non
316 1526 405 1606 fuerit
419 1526 504 1586 ulium
517 1530 710 1597 consorores,
733 1543 813 1602 quom
825 1533 972 1595 nocentem·
994 1525 1114 1605 pondo,
1132 1529 1157 1584 si
1173 1545 1222 1584 ne-

120 1622 237 1696 ,gote'um
247 1615 379 1673 innocenti
385 1611 478 1689 facit,
501 1611 592 1672 liberet
604 1629 661 1668 eum
679 1629 767 1684 noco,
791 1614 839 1688 qui
851 1611 998 1670 omnent.
1038 1613 1114 1671 Hinc
1127 1616 1157 1670 et
1170 1629 1223 1690 pu-

103 1713 106 1722 '
133 1709 192 1762 tres
213 1701 344 1760 adversus
357 1697 476 1772 liberos,
496 1704 526 1760 et
545 1697 676 1756 adversus
694 1715 757 1754 suos
771 1696 889 1774 quisque
910 1697 1082 1758 necessarios
1097 1696 1224 1758 vunctori-

134 1794 222 1849 tatem
255 1790 343 1844 etunt.

94 1873 128 1932 14
223 1807 387 1942 dussellum
411 1866 510 1939 etiarn,
537 1866 731 1944 potentissime
755 1871 920 1942 argumento
944 1868 1071 1946 primone
1092 1865 1225 1945 ponenda

135 1957 197 2015 sint*
211 1955 289 2028 loco,
311 1959 342 2012 ut
363 1957 505 2028 occupent»
517 1949 645 2009 unimos‘l
673 1970 708 2008 un
721 1971 841 2026 summo,
862 1957 894 2010 ut
916 1952 982 2012 inde
998 1950 1162 2012 diminantt
1185 1969 1224 2010 an

97 2057 114 2120 ’1
134 2041 238 2121 partita
257 2039 346 2118 primo
375 2055 552 2112 summoque3
586 2035 785 2096 ntHomerica
804 2037 1034 2115 dispositionem
1051 2039 1144 2097 medio
1168 2037 1286 2108 sinttst

133 2121 263 2186 infirma?
284 2143 320 2183 an
333 2142 350 2182 a
363 2122 482 2182 minimis
496 2113 644 2184 crescant‘l
672 2121 768 2194 Quae,
790 2129 874 2202 prout
892 2121 964 2182 ratio
978 2141 1078 2182 causae
1091 2123 1225 2200 cuiusque

133 2209 300 2292 postulabit,
328 2207 544 2284 ordinabuntur,
571 2222 642 2278 uno,
664 2212 697 2264 ut
715 2225 769 2282 ego
786 2227 904 2282 censeo,
926 2216 1061 2288 excepto,
1081 2225 1113 2266 ne
1133 2225 1152 2266 o
1172 2227 1224 2285 po·

135 2297 288 2358 tentissinu‘s
301 2293 338 2352 od
351 2289 484 2352 leuissimo
500 2290 633 2349 decrescat
648 2296 741 2349 oratio.
836 2334 839 2339 .

94 2376 127 2434 15
221 2379 285 2454 Ego
300 2377 370 2435 haec
380 2377 500 2434 breviter
518 2375 722 2435 demonstrasse
739 2381 900 2448 contentus,
922 2376 963 2435 in
979 2380 1077 2455 posui,
1097 2386 1130 2438 nt
1148 2377 1225 2438 tooos

112 2477 115 2482 '
135 2468 212 2546 ipsos
232 2469 261 2522 et
279 2479 397 2539 genero,
420 2479 503 2537 quum
523 2480 635 2539 possem
654 2461 843 2539 apertissime,
866 2463 1057 2542 ostenderem.
1102 2463 1225 2533 Quian

136 2550 254 2612 exsecuti
275 2551 340 2608 sunt
358 2546 517 2617 verbosius,
538 2547 640 2623 quibus
658 2545 777 2625 placuit,
797 2547 943 2624 proposito
961 2548 1084 2610 locorum
1102 2569 1225 2610 commn-

136 2637 213 2694 nium
233 2633 367 2706 materis,
389 2646 454 2708 quo'
469 2640 596 2708 doneque
610 2651 659 2690 res
680 2633 764 2689 modo
786 2632 841 2690 dici
853 2639 965 2711 posset,
988 2638 1151 2695 ostendere:
1173 2634 1225 2694 sed

94 2717 202 2780 16mihi
222 2734 421 2796 supervacuum
438 2715 594 2774 videbatur.
637 2713 711 2774 Nam
732 2721 760 2775 et
778 2718 838 2776 sere
859 2724 994 2798 apoporet,
1016 2723 1084 2798 quid
1104 2723 1133 2779 tn
1150 2722 1225 2778 tnui·

137 2804 224 2877 ἀίαπι,
245 2801 313 2879 quill
325 2804 354 2859 ln
373 2799 537 2874 ouantium,
560 2799 627 2878 quid
645 2803 675 2858 t'n
694 2805 784 2858 testem
804 2803 956 2876 inimicum,
978 2803 1046 2884 quid
1063 2809 1093 2864 in
1106 2806 1226 2884 potentes

138 2892 237 2950 umtcos
257 2883 404 2946 dicendum
422 2885 475 2944 sit:
497 2887 576 2946 etde
598 2887 723 2944 omnibns
740 2887 783 2944 his
798 2888 890 2947 omniu
907 2887 999 2950 dicere
1011 2891 1149 2950 infinitum
1171 2898 1225 2964 est,
1356 2875 1357 2966 l

137 2979 197 3032 tum
210 2969 334 3042 hoste,
359 2988 441 3046 mmm
456 2971 479 3028 si
499 2972 761 3052 conuorersiarum,
783 2989 855 3047 quae
875 2975 950 3047 sint,
971 2991 1099 3054 quosque
1115 2979 1286 3046 tuhrruessg,
1356 2989 1357 2998 ¹

138 3059 210 3127 sint,
231 3056 420 3130 quaestiones,
442 3062 615 3129 argumento,
636 3059 785 3115 sententias
797 3059 910 3117 tradere
924 3059 1014 3119 velim.
1043 3057 1120 3140 lpsss
1132 3069 1225 3118 cutm

97 3151 131 3207 17
138 3137 363 3218 argumentorum
376 3137 452 3198 velut
463 3139 543 3198 sedes
559 3156 617 3198 non
631 3161 676 3200 me
698 3141 810 3220 quidem
823 3157 918 3202 omnes
938 3147 1091 3206 ostendisse
1104 3145 1225 3220 conlido,

158 3225 268 3286 lusimus
280 3229 383 3284 tamen.
412 3250 415 3260 1
1292 3230 1298 3240 “

137 3247 157 3308 p
225 3309 310 3378 Quod
323 3327 357 3368 eo
371 3307 532 3384 diligentius
545 3309 701 3370 faciendum
714 3311 782 3386 luit,
803 3313 868 3388 quia
880 3313 1105 3388 declamationes,
1126 3315 1225 3392 mribus

112 3445 121 3464 „
140 3396 177 3456 ud
188 3411 311 3477 pugnam
331 3393 469 3452 sorensem
482 3394 558 3452 velut
576 3395 736 3474 praepilatis
754 3398 874 3457 exerceri
893 3400 1063 3476 soletnmns,
1084 3400 1150 3460 olim
1168 3389 1229 3460 ism

140 3479 176 3539 ub
193 3479 240 3538 illu
255 3495 321 3538 reru
334 3478 454 3554 imagine
475 3479 573 3536 orandi
592 3487 783 3557 recesserunt,
803 3489 887 3559 utque
902 3486 939 3543 ad
954 3484 1041 3544 solum
1053 3487 1226 3564 compositae

141 3560 330 3644 voluptatem,
351 3565 443 3622 nervis
464 3559 574 3623 carent:
602 3585 660 3622 non
678 3565 732 3624 alio
752 3567 860 3627 medius
875 3568 956 3628 fidius
975 3571 1044 3630 risio
1062 3567 1225 3644 dicentium,

36 3696 40 3718 ,
141 3665 224 3725 quam
237 3667 294 3723 qno
305 3649 502 3726 mancipiorum
515 3651 704 3724 negotiatores
723 3653 830 3712 tonnae
846 3656 1009 3730 puerorum,
1027 3655 1157 3714 virilimte
1178 3674 1227 3716 ex-

55 3796 61 3808 „
100 3733 214 3804 redsa,
234 3731 435 3792 lenocinantur.
477 3731 569 3806 Nam,
593 3740 626 3792 ut
638 3734 955 3813 illimburuelaeertos,
976 3739 1147 3818 barbamque
1159 3744 1228 3800 ante

143 3820 254 3891 omnia,
276 3823 304 3876 et
318 3815 388 3890 ulia,
409 3835 482 3893 quae
501 3823 602 3875 notiora
620 3821 733 3900 proprie
753 3823 873 3880 mnibus
890 3822 985 3898 dedit,
1013 3842 1112 3904 purum
1132 3825 1228 3884 existi·

141 3907 219 3960 ment
233 3904 348 3973 decora,
375 3917 502 3978 quaeque
518 3901 617 3976 tortia,
640 3904 664 3963 si
682 3905 793 3981 liceret,
814 3907 921 3984 forent,
941 3916 974 3968 ut
993 3911 1062 3970 dura
1081 3909 1227 3972 molttsmt:

211 4063 283 4150 §142
302 4081 461 4149 umento]
486 4080 560 4137 nso.
575 4081 623 4148 ov,
639 4083 699 4142 sos.
