2788 4452
32 269 37 281 ,
94 301 96 309 y
140 213 182 276 ro
230 255 234 270 .
286 167 930 278 'ursnoururn‘rsur
980 175 998 300 J
1043 177 1105 297 ᾗ
1179 261 1182 270 .

115 367 298 446 corripimus.
317 382 371 426 nec
378 363 494 423 minuo:
515 379 568 420 nos
583 361 741 436 doctrinas,
764 379 798 420 ex
814 359 896 420 nobis
909 360 1064 420 audiemnt.
1106 357 1226 422 Nostros

140 453 258 526 amicas,
278 455 390 509 nostros
402 448 569 506 concubinos
580 447 690 506 vident:
712 465 795 506 omne
816 447 970 506 convivium
989 447 1119 524 obscenis
1140 452 1244 508 earu·

64 545 71 598 .“
91 598 97 604 ,
140 541 180 598 cis
192 537 305 616 strepit:
328 535 460 614 pudenda
472 533 547 594 dictu
561 538 735 611 spectantur:
769 531 817 590 Fit
836 551 870 591 ex
884 531 927 590 his
948 535 1138 606 consuetudo,
1158 536 1246 596 inde.

136 629 245 684 natura.
284 619 404 679 Discrurt
417 619 486 678 haec
505 618 600 682 miseri
620 623 686 677 autc
699 635 784 694 qnam
800 617 889 676 soant
907 618 973 677 vitia
994 637 1072 677 esse:
1098 620 1165 678 inde
1179 639 1225 678 so·

116 754 119 762 .
139 708 188 768 luti
211 725 246 765 ac
261 707 382 766 fluentes
399 721 458 762 non
478 703 616 782 accipiunt
636 721 654 764 e
674 701 775 761 scholis
796 701 869 762 mula
893 701 968 782 ista,
993 705 1045 764 sed
1067 705 1097 763 in
1116 700 1225 765 scholm

20 801 23 810 “
137 793 266 853 afferma
1163 813 1168 820 ·

113 880 130 935 9
224 876 328 936 Verum
339 877 369 936 in
382 875 481 934 studiis
495 873 586 950 magis
599 873 708 932 vacabit
721 878 792 931 imus
806 874 863 932 uui.
884 871 959 933 Ante
972 873 1065 932 omnia
1076 874 1143 932 nihil
1158 893 1225 954 pro·
1322 899 1324 904 ·

18 983 36 1040 „¹
139 961 216 1022 hibet
230 981 292 1022 esse
304 964 404 1036 istrmr,
424 960 633 1035 nescioquem,
654 962 740 1018 un'urn
753 959 837 1018 etiam
858 979 919 1018 cum
932 979 986 1032 co,
1006 961 1053 1036 qui
1073 961 1103 1018 in
1125 959 1225 1018 scholis

139 1048 278 1108 eruditur.v
312 1047 371 1105 Sed
384 1044 492 1104 etiarnsi
506 1044 584 1120 irurgi
601 1048 747 1119 utrumque
760 1062 817 1101 nou
836 1049 949 1121 posset,
970 1042 1063 1104 lumen
1084 1049 1178 1106 tamen
1191 1045 1224 1104 il-
1302 1059 1307 1066 '

139 1133 187 1192 lud
200 1138 350 1192 conventus
363 1129 566 1202 honestissimi,
586 1129 708 1188 tenebris
723 1147 756 1187 ac
770 1128 911 1186 solitudini
925 1130 1125 1212 praetulissem.
1147 1130 1224 1190 Nam
1277 1187 1283 1194 .

18 1280 22 1288 ,
139 1219 260 1296 optimus
276 1218 393 1294 quisque
409 1219 574 1293 praereptor
591 1214 746 1290 frequentia
765 1214 885 1290 gaudet,
905 1233 939 1292 ac
952 1216 1057 1273 maiore
1071 1233 1103 1273 se
1116 1215 1224 1274 theatro
1233 1225 1265 1270 aa

14 1363 19 1372 ,
99 1304 255 1380 lodiguum
268 1305 356 1380 putat.
397 1301 437 1358 At
451 1301 510 1359 fere
522 1299 644 1357 minores
662 1317 697 1356 ex
710 1299 879 1358 couscientia
896 1315 963 1358 suae
978 1301 1144 1358 infirmitatis
1156 1299 1223 1360 hae·

92 1411 104 1426 ·
139 1395 201 1447 r‘ere
216 1385 348 1464 singulis,
371 1392 400 1444 et
414 1383 507 1443 officio
529 1383 608 1459 fungi
629 1384 836 1460 quodammodo
855 1386 1084 1462 paedagogorum
1104 1404 1162 1443 non
1180 1387 1223 1444 in-

100 1477 130 1530 11
140 1473 297 1552 dignannn.
340 1469 400 1530 Sed
411 1473 536 1550 praestet
549 1467 630 1527 udan
644 1468 689 1528 vel
704 1469 809 1545 gratia,
829 1468 874 1528 vel
888 1471 1021 1544 amicitia,
1042 1469 1087 1538 vel
1097 1471 1224 1548 penrma,

45 1615 48 1620 .
140 1564 171 1617 ut
185 1558 374 1616 doctissimrnn
385 1560 471 1631 atque
485 1554 726 1632 incomparabilem
745 1555 909 1630 magistrum
927 1557 1004 1614 dorni
1020 1556 1136 1616 lrabeat:
1156 1575 1225 1617 uum

139 1647 234 1702 nmen
248 1641 294 1701 ille
306 1647 395 1700 totum
407 1633 442 1698 viu
453 1658 510 1696 rmo
525 1639 600 1698 diem
613 1645 803 1698 consumtunrs
825 1637 891 1697 est?
917 1646 965 1698 aut
977 1645 1072 1718 potest
1085 1659 1150 1700 esse
1171 1641 1226 1700 nlla

140 1734 198 1796 tam
211 1732 347 1806 perpetuu
367 1725 499 1783 discentis
519 1724 654 1799 intentio,
675 1743 747 1800 quae
766 1741 837 1797 uon,
858 1728 890 1781 ut
907 1725 984 1782 visus
998 1723 1151 1799 oculorum,
1174 1727 1225 1785 db·

57 1811 62 1824 ”
139 1818 199 1871 tutu
215 1813 344 1870 continno
357 1807 511 1888 augeant,
531 1829 592 1868 omn
604 1809 767 1888 praesertin
779 1806 865 1868 multo
877 1806 940 1888 plus
954 1813 1053 1870 secreti
1064 1812 1158 1870 studia
1175 1813 1225 1870 de·
1290 1846 1292 1856 ν

83 1897 271 1975 -12siderent
313 1893 414 1972 Neque
425 1895 499 1953 enirn
510 1894 654 1969 scribenti,
673 1895 808 1954 ediscenti
817 1899 847 1952 et
862 1897 994 1972 cogitanti
1005 1902 1226 1976 praeceptores·
1318 1947 1322 1952 .

140 1982 226 2040 sistit:
240 1999 359 2058 quonum
370 1980 475 2057 aliquid
482 1980 639 2055 agentibus,
652 1981 837 2056 niissumque
847 1980 1016 2042 interuentus
1025 1982 1226 2060 inpedimento

142 2070 193 2126 est.
235 2064 338 2125 Lectio
350 2083 464 2142 quoque
481 2083 538 2122 non
555 2066 660 2138 omnis,
686 2084 740 2127 nec
757 2083 883 2142 semper,
910 2071 1062 2144 praeeunte
1080 2066 1124 2125 vel
1140 2067 1226 2124 iuter·

140 2156 268 2231 pretaute
279 2155 354 2228 eget
397 2150 519 2219 Quando
530 2151 605 2210 enirn
616 2156 660 2210 tot
667 2157 808 2210 auctorum
819 2151 918 2213 notitia
933 2149 1127 2227 anangnett
1147 2151 1225 2229 Ergo
1238 2177 1242 2186 =

98 2238 279 2305 ¹laruodicsmr
290 2242 401 2314 tempus
415 2240 471 2310 est,
492 2255 549 2311 qno
559 2238 589 2296 in
602 2241 692 2296 totum
706 2237 781 2295 din
799 2235 874 2295 velut
888 2255 960 2315 opus
973 2238 1123 2298 ordinetur.
1144 2238 1226 2298 ldeo·

142 2339 198 2399 que
211 2340 263 2398 per
277 2320 372 2398 plures
383 2322 424 2379 ire
432 2327 551 2397 possunt
561 2322 645 2378 etiarn
654 2337 727 2396 quae
737 2320 854 2394 singulis
872 2323 1009 2383 tradenda
1025 2322 1111 2382 suntl
1131 2323 1227 2383 Pleru³

142 2424 197 2484 que
214 2423 280 2464 vero
297 2405 369 2464 hauc
386 2404 573 2464 conditionem
590 2404 705 2476 liabent,
730 2409 762 2461 ut
780 2404 879 2462 eadem
894 2423 963 2464 voce
976 2408 1014 2464 ad
1031 2426 1129 2466 ornnes
1145 2407 1226 2466 simul

122 2490 321 2570 perferantur.
363 2488 459 2552 Taceo
483 2489 520 2549 de
536 2489 729 2568 partitionibus
752 2493 781 2547 et
805 2487 1049 2548 declamationibus
1067 2491 1226 2552 rhetorum:

141 2575 241 2652 quibus
254 2580 328 2636 certe
339 2579 566 2653 quantuscumque
583 2593 712 2634 urunenrs
730 2569 910 2647 adhibeatur,
930 2580 1025 2634 tamen
1037 2580 1227 2655 unrssquisque

102 2661 229 2722 tltotum
242 2662 321 2722 seret
364 2659 431 2720 Non
447 2661 521 2720 enim
532 2678 586 2743 vox
598 2658 644 2718 illa
659 2659 863 2738 praeceptoris,
884 2664 915 2717 ut
932 2679 1033 2734 coena,
1054 2661 1146 2720 minus
1165 2661 1227 2740 plu·
1267 2733 1271 2740 .

141 2747 217 2806 ribus
239 2743 356 2819 sufficit,
381 2745 434 2806 sed
452 2751 483 2806 ut
501 2742 559 2819 sol,
586 2741 730 2804 universis
747 2743 821 2803 idem
844 2741 912 2802 lucis
933 2744 1086 2826 calorisque
1103 2747 1227 2824 largitur.

142 2831 347 2890 Grammaticus
360 2849 471 2910 quoque
481 2831 518 2890 de
527 2830 635 2890 ratione
642 2830 775 2908 loquendi
791 2829 817 2888 si
829 2829 964 2907 disserat,
986 2835 1163 2910 quaestiones
1179 2852 1228 2894 ex·

142 2914 239 2995 plicet,
258 2914 389 2975 historias
400 2921 534 2996 exponat,
555 2919 821 2994 permamanet:
842 2920 885 2974 tot
894 2915 941 2976 illa
951 2918 1072 2991 discent,
1095 2923 1164 2996 quot
1177 2937 1227 2978 au·

53 3072 58 3080 ¹
144 3069 352 3090 nm-t-n

214 3167 272 3235 §⁸-
287 3167 333 3222 nn
352 3183 383 3220 es
401 3165 442 3220 his
461 3166 632 3233 oomuctado,
654 3160 752 3220 'dando
771 3164 896 3233 namra]
918 3163 1003 3291 θιξΐο
1014 3168 1089 3224 nnn.
1109 3187 1135 3241 p.
1154 3173 1226 3232 ξω

146 3237 221 3292 Voss.
236 3241 259 3293 1.
277 3239 303 3299 8.
321 3242 349 3290 et
363 3236 440 3288 Bern.
456 3237 556 3304 pariter
568 3243 647 3306 atque
659 3234 730 3288 Sich.
742 3250 824 3306 marg.
841 3235 920 3290 scribi
933 3254 951 3291 r
978 3239 1063 3294 tindc
1082 3251 1182 3296 natrsro
1201 3242 1228 3296 lr.

145 3325 169 3362 e.
184 3325 214 3362 es
229 3306 409 3362 consuetudine
421 3313 529 3358 notura.
547 3301 605 3359 coll.
616 3305 722 3359 Sallust.
743 3306 801 3375 lug.
815 3306 857 3362 85.
875 3308 1034 3374 Bencsncere
1053 3310 1107 3364 inm
1119 3329 1151 3364 ea
1168 3329 1228 3364 coss-

89 3387 93 3395 *
144 3377 281 3432 mandinse
292 3377 320 3436 in
332 3383 455 3428 notorum
464 3375 583 3428 vortitur.
617 3373 654 3428 lit
665 3373 750 3444 potuit
763 3392 825 3429 sane
839 3393 872 3428 ex
887 3378 1042 3432 consuetodo
1056 3379 1117 3434 inde
1133 3377 1228 3432 facilli·

145 3461 186 3499 ma
198 3445 256 3498 lieri
272 3445 374 3508 deinde,
390 3441 428 3508 rit,
445 3443 635 3499 demonstrante
650 3443 782 3502 Drakenb.
795 3445 829 3498 ad
842 3445 901 3498 Lis.
912 3445 996 3510 XLII,
1013 3449 1056 3504 55.
1073 3450 1135 3502 indo
1148 3465 1229 3518 saepe

146 3513 282 3568 indeindc
305 3513 377 3568 abiit.
412 3512 488 3568 Addo
503 3513 597 3577 Quint.
614 3513 675 3579 Vll,
693 3515 720 3579 Ξ,
737 3517 780 3571 32.
817 3514 887 3568 Hinc
906 3517 967 3569 inde
980 3517 1096 3581 restitui,
1121 3517 1229 3586 quodni

79 3630 81 3634 .
145 3582 274 3648 iecissem,
289 3582 479 3654 intelligeretur
493 3581 588 3638 deinde
599 3601 631 3638 ss
643 3585 684 3638 nis
689 3585 728 3652 fit
740 3592 847 3654 sutura,
862 3602 930 3652 quae
941 3585 973 3638 tit
987 3603 1020 3638 ox
1034 3581 1229 3640 consuetudins.

217 3687 273 3752 59·
292 3685 480 3740 observandae
492 3686 519 3738 h.
529 3686 546 3738 l.
561 3692 622 3741 sunt
633 3687 777 3742 adversarii
789 3693 877 3758 partes
891 3688 939 3753 (cl.
954 3690 972 3752 S
985 3687 1042 3754 17.)
1054 3687 1080 3739 in
1094 3686 1151 3739 irisr
1181 3689 1229 3742 Vs·

147 3771 207 3810 runs
219 3785 248 3796 -
262 3758 316 3808 sni
351 3753 504 3825 ltsspoirslst
516 3756 608 3821 Quint.
624 3775 708 3828 usqua
720 3757 785 3826 ad§
802 3760 843 3814 13ι
878 3755 959 3809 euro·
972 3755 1054 3808 verba
1071 3757 1182 3828 ideoque
1194 3785 1230 3799 -
1254 3783 1259 3791 ·

148 3825 574 3894 tradendaruntinterrogstiouis
596 3825 698 3896 signu·
717 3826 855 3896 postulant.
889 3825 931 3878 Ad
946 3839 1013 3893 quae
1032 3832 1166 3894 postquam
1187 3843 1251 3896 ra·,

58 3907 63 3912 '
150 3913 163 3948 s
199 3911 272 3948 nsum
291 3901 349 3959 est3
373 3897 446 3960 515.
466 3902 586 3964 tauquam
605 3895 768 3948 adversarius
788 3893 915 3963 loquitur:
951 3895 990 3946 As
1009 3895 1230 3952 caim—oiston
1264 3917 1273 3932 ·

87 3977 91 3987 ’
176 3963 277 4035 auique,
299 3963 339 4017 his
350 3963 488 4027 refutatis,
512 3963 595 4018 sideru
619 3963 768 4016 adversario
779 3962 916 4016 tribuenda
933 3967 997 4014 sont
1008 3963 1087 4017 ireos
1111 3965 1166 4019 Non
1179 3983 1230 4036 cg·
1258 4019 1263 4026 ,

150 4039 239 4086 tanuen
252 4061 287 4073 -
299 4035 464 4105 negligatur.
480 4033 523 4086 lta
537 4049 589 4086 non
602 4049 670 4102 opus
682 4039 723 4086 est
736 4031 885 4086 coniectura
894 4029 986 4102 Sarpii
999 4030 1017 4086 l.
1033 4051 1058 4086 c.
1075 4035 1121 4104 qui
1131 4042 1230 4104 trsmp.
1320 4035 1325 4048 ‘

150 4101 165 4162 1
179 4103 222 4166 18.
231 4093 236 4100 ’
245 4103 374 4174 Pleraque
384 4132 418 4178 7-
430 4104 615 4173 perscrutatore
630 4103 740 4173 ideoque
751 4119 800 4172 per
813 4109 864 4156 cst.
