2738 4442
129 125 195 190 258
330 173 342 182 .
419 117 932 192 thB.QU1NT1L1uN1

130 278 260 336 Clodium
268 275 476 348 Phormionem,
499 267 558 334 Neo
572 276 764 350 ninusm‘ger,
783 273 891 350 mqsit,
912 275 1059 334 marina
1072 267 1224 351 omsrdsrss,
1344 297 1345 302 ¹

131 381 211 439 marn
224 367 264 418 est
276 360 324 418 itte
340 359 514 420 Terentianus
528 357 662 420 Hunis.

89 469 137 522 57·
216 461 331 522 Aeriora
343 460 430 538 igitur
442 459 508 520 s'uut
519 468 550 520 et
563 459 749 536 elegantiora,
771 475 844 536 quiae
856 458 1004 518 trahuntur
1022 461 1224 518 excisarum.

130 549 164 610 ln
177 547 219 606 his
232 547 350 606 maxime
363 546 437 604 valet
449 545 615 619 similitudo,
630 546 660 603 si
677 551 771 603 tamea
784 547 821 603 ad
832 543 938 621 aliquid
950 544 1062 602 inierim
1075 543 1224 618 leviusque

130 636 280 693 reseratur:
302 650 375 706 quse
393 632 449 690 iam
467 637 575 690 veteres
595 629 633 686 illi
651 630 827 702 iocabantur,
848 630 896 705 qni
916 625 1068 686 Lentulum
1087 626 1223 703 Spinthe-
1344 661 1345 672 κ

130 737 200 788 ren,
221 722 251 773 et
265 715 423 793 Scipionem
440 713 610 792 Serapionem
628 733 689 772 esse
709 713 846 772 dixerunt.
890 713 949 770 Sed
962 731 997 771 ea
1009 728 1066 769 nou
1080 712 1116 768 ab
1126 711 1225 769 horni-
1234 721 1289 766 sss
1344 707 1345 778 Ῐ

132 803 214 860 nibus
226 800 310 857 modo
320 801 438 876 petitur,
455 819 550 859 versun
569 799 652 856 etiam
670 797 706 856 ab
724 797 900 857 animalibus:
922 802 955 854 nt
970 797 1051 854 uobis
1064 797 1158 876 pneris
1171 795 1225 853 Iu-
1344 819 1345 870 p

89 895 123 948 58
131 887 194 958 nius
212 885 331 956 Bassus,
359 885 442 942 horno
472 885 501 942 in
524 882 619 960 prinus
637 882 731 954 dicax,
760 881 860 940 sunu
881 881 959 938 albus
977 881 1134 940 vocabatur.
1176 879 1224 937 Et

132 969 310 1040 Sanneutns,
332 987 381 1026 seu
400 967 432 1025 Ρ.
449 965 576 1038 Blessus,
598 965 724 1038 lumem,
746 967 872 1031 honam
892 967 1018 1041 nigram:
1046 971 1072 1024 et
1088 969 1290 1038 mucruwlfl

90 1087 93 1090 ·
132 1061 158 1112 ct
171 1053 305 1132 pandum,
320 1052 436 1128 fibulum
451 1051 570 1128 ferreum
588 1051 665 1108 dixit.
710 1051 797 1118 Quod
813 1070 888 1108 nnuc
905 1052 975 1108 risus
994 1049 1110 1128 petendi
1130 1067 1225 1124 genus

88 1148 123 1200 59
131 1138 382 1214 frequentissimum
395 1141 445 1194 est.
489 1135 913 1194 Adhibetur'autemsimilitudo
925 1135 1036 1193 interim
1048 1134 1155 1212 palam,
1176 1133 1226 1190 iu·

132 1224 211 1282 terim
224 1222 308 1280 inseri
321 1221 393 1278 solet
405 1219 568 1298 parabolae:
591 1221 666 1277 cuius
686 1227 729 1278 est
743 1220 853 1295 generis
871 1221 901 1277 id
918 1218 1054 1294 Augusti,
1076 1220 1124 1295 qni
1137 1215 1225 1276 militi
1257 1259 1264 1268 .

66 1299 68 1304 ’
131 1307 253 1366 libellum
268 1295 366 1363 timide
384 1304 554 1380 porrigenti,
584 1301 667 1376 Noli,
694 1305 802 1381 inquit,
827 1304 967 1374 dubitare,
990 1309 1119 1380 tunquorn
1134 1319 1225 1361 osum

90 1392 270 1469 eoeleplanto
282 1389 336 1447 des.
380 1390 453 1446 Sunt
473 1389 610 1465 quaedam
626 1390 685 1447 reri
706 1389 818 1447 sniis:
839 1391 914 1448 nude
935 1387 1063 1446 Vatinius
1081 1389 1149 1445 dixit
1166 1387 1226 1445 hoc

92 1529 95 1536 .
133 1479 253 1547 dictum,
275 1493 338 1533 cum
351 1493 429 1546 reus,
452 1480 553 1549 agente
575 1473 604 1531 in
625 1493 687 1532 eum
701 1473 805 1545 Calvo,
825 1476 946 1532 frontem
969 1473 1089 1530 candido
1110 1471 1224 1529 sudario

132 1565 271 1636 tergeret,
293 1560 379 1635 idque
398 1561 650 1637 ipsurn‘accusator·
667 1559 696 1614 in
716 1559 848 1616 invidiam
865 1563 992 1629 voearet,
1016 1557 1148 1623 Quemvis
1160 1575 1250 1614 rcus·

92 1657 124 1710 61
134 1667 206 1717 sum,
228 1645 331 1721 inquit,
353 1647 380 1700 et
394 1655 491 1720 ponem
513 1644 655 1700 candidum
676 1641 731 1700 edo.
774 1641 872 1701 Adhuc
885 1648 929 1702 est
943 1641 1068 1699 subtilior
1082 1641 1128 1698 illa
1140 1641 1225 1698 ersi-

133 1731 191 1790 mili
203 1727 364 1800 translatio,
387 1747 464 1799 cum,
486 1729 563 1802 quod
578 1729 607 1785 in
621 1727 675 1784 alia
691 1747 722 1786 re
734 1727 794 1786 fleri
810 1729 898 1800 solet,
919 1727 948 1783 in
961 1725 1045 1784 aliam
1055 1733 1226 1784 mutuamur.

133 1815 177 1872 Ea
189 1815 297 1871 dicatur
312 1831 379 1869 sane
386 1813 484 1888 fictio:
505 1816 538 1868 ut
551 1813 731 1888 Chrysippus,
747 1831 808 1869 mm
821 1813 849 1870 in
859 1811 997 1888 triumpho
1011 1811 1138 1870 Caesaris
1154 1811 1226 1869 ebo-

134 1917 182 1958 rea
195 1897 300 1974 oppida
312 1901 404 1954 essent
418 1894 561 1973 translata,
586 1902 615 1954 et
626 1902 692 1973 post
707 1897 765 1956 dies
781 1915 882 1973 paucos
894 1897 978 1962 Fabii
990 1894 1104 1953 Maximi
1115 1896 1220 1970 lignea,

135 1981 226 2040 thecas
247 1999 300 2038 esse
319 1979 473 2057 oppidorum
494 1979 714 2054 Canumsldirdt
756 1981 797 2039 Et
808 1981 886 2040 l’edo
907 1977 1150 2052 deminutione,
1172 1980 1284 2056 qmssr

25 2121 26 2124 ,
135 2067 277 2126 retiarium
295 2066 533 2140 consequebatur,
554 2085 605 2124 nec
625 2066 757 2138 feriebat,
783 2065 894 2136 Vivum,
915 2065 1021 2141 inquit,
1043 2063 1222 2143 superescit.

96 2151 266 2226 &Iungitur
285 2149 469 2226 amphiboliae
488 2149 650 2208 similitudo:
672 2149 751 2207 urs.
766 2149 858 2208 Galba
876 2149 961 2227 pilam
980 2150 1225 2226 negligenterpe·

108 2273 112 2280 ι
138 2236 226 2306 tenti,
250 2232 316 2305 Sic,
337 2233 548 2310 iuquit‚'petis',
570 2233 699 2310 tunquam
714 2233 837 2293 &uaris
851 2233 1021 2292 candidulus.
1064 2233 1138 2294 Nam
1156 2233 1226 2290 illud

135 2323 207 2396 petis
220 2318 381 2391 ambiguum
392 2324 450 2390 est,
472 2319 603 2376 securitas
618 2317 720 2376 similis.
764 2319 850 2388 Quod
862 2317 993 2378 hacteuus
1007 2319 1161 2378 ostendisse
1178 2335 1225 2374 sa·

97 2406 174 2469 63tis
188 2401 239 2460 est.
281 2399 414 2458 Ceterum
434 2403 656 2476 frequentissima
672 2402 788 2460 aliorum
810 2409 943 2478 generiam
957 2409 1018 2462 cum
1033 2405 1093 2462 aliis
1106 2404 1226 2461 mixtura

141 2491 199 2546 est:
222 2503 311 2562 eaque
332 2487 453 2562 optima,
474 2503 547 2561 quae
568 2505 602 2544 ex
619 2485 742 2562 pluribus
767 2495 885 2551 constat.
927 2487 1035 2547 Eadem
1054 2487 1225 2546 dissinitiuus

67 2591 68 2594 ¹
141 2571 211 2650 ratio
225 2576 277 2629 est.
319 2569 393 2628 Hinc
415 2589 499 2645 eques
521 2563 676 2656 Romanus,
699 2572 839 2650 adquetn
858 2573 888 2630 in
904 2569 1069 2650 spectaculis
1082 2573 1226 2632 bibentem

141 2675 203 2713 cum
224 2650 343 2712 misisset
364 2651 522 2730 Augrutsu,
545 2656 592 2730 qui
613 2655 638 2714 ei
661 2652 779 2728 diceret,
802 2657 914 2732 Egone·
928 2657 1060 2734 pauore
1078 2657 1153 2729 uolo,
1175 2658 1225 2714 do-

99 2748 212 2820 64murn
225 2757 269 2796 eo:
294 2737 338 2796 Tu
352 2742 436 2810 urim,
456 2739 562 2815 inquit,
584 2759 636 2796 non
648 2742 741 2813 linces,
762 2759 795 2798 ne
814 2741 898 2798 iocum
910 2741 1017 2816 perdes
1059 2741 1103 2800 Ex
1115 2747 1283 2800 contra-⁵⁴⁸

141 2825 182 2886 rio
196 2843 252 2881 non
267 2841 321 2880 uua
337 2825 451 2900 species.
493 2823 595 2898 Neque
609 2825 689 2887 enirn,
698 2825 796 2884 eodem
811 2825 897 2884 modo
909 2825 979 2896 dixit
991 2825 1130 2903 Augustus
1142 2832 1226 2904 prae-

139 2911 230 2982 lecto,
254 2925 337 2983 quem
352 2925 413 2964 cum
426 2907 577 2982 igrmmiuia
591 2909 737 2982 mittebat,
754 2911 871 2970 subinde
881 2907 1076 2988 'interponenti
1086 2913 1225 2992 precihus,

142 2991 219 3058 Quid
237 2990 390 3067 respondebo
404 2995 487 3068 putri
505 2991 581 3050 ineo?
612 2991 683 3067 Dic,
705 3013 745 3052 me
765 2994 817 3052 libi
837 2994 1019 3070 displicuisse:
1046 3015 1101 3074 qun
1114 2995 1225 3068 Galba,
1344 2977 1345 3052 i

142 3073 271 3158 penulam
288 3074 417 3150 roganti,
439 3073 501 3133 Nou
516 3079 630 3152 possum'
641 3077 815 3153 commodare,
834 3079 910 3150 ‚douai
923 3099 1033 3148 moneo:
1052 3101 1114 3140 cum
1125 3097 1226 3140 coena·
1344 3059 1345 3134 i

143 3158 231 3218 culum
245 3160 303 3218 eliu
315 3157 481 3240 perplueret.
525 3157 651 3225 Tertium
665 3163 756 3224 adhuc
766 3163 836 3222 illud
848 3163 1013 3241 (siquidem,
1035 3172 1115 3224 ut-ue
1128 3171 1226 3224 ancto-
1344 3145 1345 3230 i

118 3245 130 3276 ’·
142 3263 202 3304 rem
220 3263 337 3322 ponam,
363 3243 527 3303 verecumlia
548 3245 632 3323 ipsius
653 3249 750 3322 facit),
764 3255 766 3260 '
780 3243 959 3307 Lilirlr'nosr’or
978 3269 1022 3328 er,
1053 3267 1133 3328 qurum
1151 3251 1226 3309 utlu's
1344 3235 1345 3296 i

143 3329 242 3411 spado:
263 3349 318 3406 quo
339 3328 398 3386 sine
418 3329 503 3386 dnbio
524 3335 554 3388 e't
573 3332 668 3412 opinio
675 3329 839 3410 decipitur:
867 3333 923 3396 sed,
939 3351 972 3392 ex
992 3337 1140 3394 contrario.
1186 3335 1226 3393 Et

142 3413 195 3470 hoc
209 3418 242 3470 e'x
258 3413 355 3471 eodem
370 3411 430 3470 loco
446 3413 508 3484 est,
529 3415 579 3474 sed
594 3415 659 3473 nulli
671 3417 792 3492 priorum
805 3419 908 3490 simile,
932 3413 1013 3496 qnod
1029 3419 1099 3479 dixit
1110 3417 1152 3478 M.
1168 3419 1227 3480 Ve-

101 3493 256 3569 65'stinius,
278 3516 340 3555 cum
356 3495 381 3554 ei
395 3497 554 3557 nunciatum
569 3505 655 3574 esset,
675 3499 828 3578 Aliquando
840 3503 938 3560 desinet
946 3509 1048 3584 putere.
1091 3505 1224 3564 Onerabo
1233 3516 1282 3564 stu

142 3576 240 3666 librum
255 3579 402 3658 exemplis,
424 3581 594 3659 similemque
609 3586 657 3658 iis,
673 3585 810 3661 'quiricus
825 3583 1141 3668 gnuoeomponuntur,
1163 3587 1226 3649 effi-

143 3662 227 3735 ciam,
250 3663 273 3720 si
286 3665 415 3741 persequi
425 3667 537 3725 voluero
550 3669 658 3743 singula
669 3674 799 3730 vetenun.
884 3689 892 3708 ·
1042 3684 1044 3693 ·
1068 3673 1083 3690 ”

228 3747 271 3806 Ex
291 3748 416 3808 omnibus
436 3759 660 3828 argumentorum
678 3753 744 3814 locis
766 3757 863 3840 eadem
883 3758 990 3816 occasio
1007 3763 1059 3817 est.
1102 3752 1177 3818 Nam
1195 3764 1225 3818 et

211 3955 282 4062 §aa
300 3995 480 4065 Spintherem]
505 4014 529 4049 v.
543 3961 631 4054 Valet.
645 3965 715 4054 hlax.
729 3999 776 4069 lx,
797 3999 838 4064 14.
856 4004 881 4058 3.
893 4011 921 4057 at
931 4001 957 4058 4.
996 4011 1000 4021 '
1124 4023 1128 4032 ·
