2788 4452
242 185 335 264 '3‘
414 193 982 338 ruer.<ons'r0afn'rn.1,a
1052 308 1056 314 ,
1142 185 1241 304 ,ἠ

155 399 234 474 (narn
248 397 284 465 sle
297 389 428 454 Sotadeis
441 413 478 450 ne
489 391 714 477 praeripiendum
727 393 843 468 quidem.
858 393 917 470 est)
929 398 1123 464 amoveantur,
1145 394 1169 454 si
1179 392 1240 453 fleri

142 488 261 564 potest:
285 483 308 538 si
320 482 427 551 minus,
449 483 524 538 certe
538 478 575 534 ad
587 477 691 534 firmius
703 479 801 553 aetatis
812 479 897 536 robur
908 483 1090 557 reserventur.
1135 478 1265 542 Coooe'r

74 627 77 636 ,
138 583 141 588 ’
155 569 226 641 diae,
249 585 321 642 quae
334 565 481 643 plurimum
492 565 620 622 conferre
634 562 671 620 ud
684 561 871 637 eloquentiam
882 569 985 641 potest,
1007 583 1069 622 earn
1082 581 1134 641 per
1146 583 1241 623 omnes

104 687 106 692 ·
156 661 186 715 et
196 669 329 731 persuum
344 657 373 709 et
385 649 500 708 effeetus
516 653 578 720 eat,
596 661 687 730 'quem
699 665 777 705 usum
797 648 826 704 in
841 649 934 724 pueris
948 649 1243 727 putem,‘paalo‘port
1340 706 1346 712 ,
1385 695 1386 702 ,

99 733 101 738 ’
156 759 206 798 suo
225 738 286 796 loeo
306 737 402 794 dicam.
446 731 521 792 Nam
540 751 602 793 eum
619 751 709 792 mores
729 733 759 790 in
780 739 843 790 tuto
862 733 985 804 suerint,
1002 735 1242 814 inter-praecipue
1285 731 1290 745 “

155 823 274 900 legenda
284 821 346 880 erit.
389 819 435 878 De
448 817 598 878 Menandro
610 817 722 893 loquor:
744 823 902 879 neo'tamen
917 818 1075 878 excluserim
1090 819 1167 878 alios,

240 905 315 966 Nam
337 904 432 963 Latini
458 921 570 980 quoque
590 909 716 962 auctores
737 903 859 962 atterent
880 903 1006 962 utilitatis
1025 903 1137 980 aliquio
1180 905 1264 964 seda

154 993 263 1073 pueris,
285 1009 357 1068 quae
369 991 489 1049 maxime
499 991 641 1064 ingenium
654 989 743 1061 alant,
766 993 852 1064 atque
867 991 988 1047 animum
1001 994 1139 1066 augeant,
1160 1007 1242 1068 prae·
1312 1023 1314 1030 ·

153 1079 288 1156 legenda:
311 1077 423 1148 ceteris,
444 1093 519 1150 quae
530 1067 567 1132 ad
580 1075 763 1132 eruditionem
782 1075 867 1132 modo
883 1073 1040 1153 pertinent,
1061 1075 1148 1151 longa
1164 1081 1241 1134 aetas

153 1165 273 1243 spatium
286 1163 373 1220 dabit.
401 1160 522 1219 Multum
533 1165 627 1219 autem
639 1165 747 1219 veteres
763 1161 849 1218 etiam
864 1159 959 1218 Latini
971 1163 1131 1234 eonfemnt,
1153 1179 1242 1238 quan-
1280 1205 1287 1214 .

113 1271 143 1316 96
154 1267 238 1327 quam
257 1248 384 1326 plerique
400 1246 464 1324 plus
479 1245 594 1321 ingenio
614 1263 698 1322 quam
716 1251 777 1305 arte
788 1246 998 1317 valuemnt3in
1018 1247 1113 1324 primis
1133 1249 1241 1325 copiam

153 1336 315 1405 verborum,
344 1349 461 1408 quonum
480 1329 510 1387 ir'r
529 1331 682 1406 tragoediis
709 1332 847 1406 gravitas,
875 1334 904 1390 in
922 1333 1071 1398 eomoediis
1092 1333 1240 1408 elegantia,
1303 1377 1307 1386 .
1333 1323 1339 1335 ⁸

150 1418 185 1479 'et
198 1421 312 1495 quidam
331 1417 409 1474 velut
431 1409 603 1494 ἄττικισμὸς
623 1415 741 1473 inveniri
761 1420 879 1493 potest.-
908 1417 1065 1498 Oeconomio
1084 1421 1195 1494 quoque
1212 1420 1265 1478 in9

154 1505 196 1564 lris
215 1502 375 1577 diligentior
382 1523 400 1572 ,.·
413 1516 498 1576 (pram
515 1501 544 1557 in
560 1499 700 1577 plerisque
719 1519 853 1558 novorum
874 1503 942 1572 erit,
964 1503 1012 1576 qui
1033 1503 1154 1560 omniurn
1172 1521 1239 1581 ope-

43 1601 47 1608 '
78 1599 82 1610 “
153 1609 213 1648 rum
227 1588 313 1646 solam
327 1587 458 1646 virtutem
471 1585 621 1644 sententias
632 1590 810 1662 putaverunt.
854 1587 994 1644 Sanctitas
1005 1593 1080 1648 certe
1093 1592 1135 1658 et,
1157 1591 1188 1644 nt
1201 1589 1240 1646 sio

153 1676 259 1746 sicam,
280 1672 395 1730 virilitas
409 1672 444 1728 ab
457 1664 501 1728 iris
513 1669 650 1748 petenda,
673 1672 785 1746 quando
801 1690 853 1729 nos
873 1673 903 1730 in
915 1673 1008 1728 omnia
1028 1671 1185 1730 deliciarum
1198 1674 1240 1732 vi·
1305 1729 1309 1735 .

152 1761 206 1834 tia,
229 1759 463 1844 dicendiquoque
477 1758 601 1828 ratione,
623 1757 825 1826 defluxerimus.
868 1756 1002 1833 Denique
1010 1758 1154 1816 credam
1164 1777 1240 1816 sum·
1249 1765 1281 1817 10

152 1847 204 1905 mis
217 1843 387 1915 oratoribus,
409 1843 457 1920 qui
475 1848 602 1922 'veterum
621 1844 768 1918 poemata,
790 1841 834 1900 vel
849 1843 887 1900 ad
906 1843 991 1902 iidem
1009 1856 1167 1917 oausariun,
1194 1844 1239 1904 rel
1353 1867 1356 1874 ¹

46 1931 60 1948 ⁵
152 1921 393 1990 ou'omamentmn
407 1927 582 2003 eloquentiae
596 1934 746 1985 assumunt.
790 1927 864 1988 Nam
877 1929 1024 2006 praecipue
1037 1930 1150 2005 quiden
1162 1931 1238 2010 apud
1248 1935 1278 1986 11

110 2037 115 2058 ⁸
152 2015 330 2086 Ciceronem,
352 2015 514 2092 frequenter
527 2020 622 2071 tamen
635 2015 711 2090 apud
722 2012 847 2071 Asinium
867 2016 968 2085 etiarn,
992 2019 1021 2072 et
1040 2019 1163 2087 ceteros,
1190 2018 1237 2092 qn'i

151 2109 217 2160 sunt
242 2101 375 2178 proximi,
410 2100 528 2156 vidinus
545 2097 648 2169 Emer,
677 2098 770 2170 Aonii,
799 2097 937 2170 Pacuuii,
961 2097 1082 2184 moti,
1103 2099 1239 2173 'Terentii

152 2185 268 2244 Caecilii
280 2191 309 2243 et
321 2185 437 2241 aliomrn
449 2183 533 2241 inseri
542 2201 654 2254 versus,
676 2201 782 2240 summa
794 2201 851 2240 non
865 2184 1027 2240 eruditionis
1040 2187 1123 2242 modo
1137 2188 1238 2261 gratia,
1356 2195 1360 2206 ’

86 2279 90 2296 “
136 2272 203 2330 seul
225 2271 309 2329 etiam
334 2267 525 2326 iucunditatis:
560 2287 621 2326 cum
648 2269 765 2345 poitiois
783 2269 978 2344 ‘vuluptatibus
998 2287 1078 2330 aoros
1099 2267 1117 2328 a'
1135 2273 1238 2340 forensi

152 2357 305 2436 asperitate
317 2353 462 2432 respirent.
495 2353 604 2421 Quibus
616 2355 724 2432 aceedit
736 2373 793 2410 non
806 2355 951 2414 mediocris
966 2355 1078 2429 utilitas,
1100 2374 1163 2416 eum
1175 2377 1238 2416 sen·
1247 2359 1279 2420 la

150 2443 246 2502 tentiis
259 2459 369 2513 summ,
392 2439 470 2498 velut
486 2439 652 2516 quibusdam
670 2441 852 2514 testimoniis,
874 2459 946 2517 qnae
963 2460 1149 2519 proposuere,
1171 2463 1236 2502 oon-
1293 2439 1298 2450 ’
1364 2443 1369 2450 '

150 2528 269 2586 firment.
313 2526 416 2585 Verum
429 2527 523 2603 priora
541 2523 588 2582 rlla
609 2527 646 2582 ad
658 2545 759 2602 pueros
768 2528 877 2605 ‚poagia
900 2527 969 2586 haec
982 2527 1175 2604 sequentuin
1191 2547 1237 2587 ro·
1385 2603 1386 2608 ἵ

108 2633 141 2678 97
150 2613 287 2672 bustiones
300 2611 495 2690 pertinebunt:
516 2631 578 2668 eum
591 2613 783 2685 grammatices
795 2630 889 2682 amor,
912 2619 943 2670 et
957 2631 1023 2670 usus
1035 2613 1161 2672 lectionis
1179 2633 1237 2672 nou
1275 2641 1278 2646 ·

150 2699 304 2758 scholarum
316 2695 503 2773 temporibus,
526 2696 576 2752 sed
593 2697 670 2752 vitae
689 2698 780 2772 spatio
793 2698 985 2754 terminentur.
1119 2765 1121 2771 Ι
1249 2755 1253 2762 ,
1314 2745 1317 2752 ,

235 2783 269 2841 ln
288 2781 480 2859 praelegendo,
496 2781 690 2854 grammaticum
709 2786 742 2838 et·
766 2781 812 2838 illa
838 2782 950 2856 quidem
968 2781 1075 2839 minora
1094 2790 1236 2859 praestare
1247 2799 1278 2852 13

150 2868 281 2939 debebit,
302 2871 335 2936 ut
348 2870 444 2943 partes
460 2865 594 2923 orationis
606 2863 686 2922 reddi
696 2865 750 2922 sibi
765 2865 855 2922 soluto
868 2885 949 2936 versu
965 2866 1120 2940 desiderat,
1144 2875 1173 2928 et
1184 2889 1236 2948 pao
1385 2857 1386 2864 ἵ

151 2955 217 3014 dum
235 2949 439 3033 proprietates,
468 2967 540 3026 quae
560 2949 633 3008 adeo
656 2949 760 3008 debent
780 2955 841 3010 eme
851 2957 939 3017 notae
956 2953 986 3010 in
1003 2953 1236 3029 carminibusqut

149 3041 235 3099 etiarn
247 3041 277 3096 in
291 3037 417 3098 oratoria·
425 3035 626 3114 compositione
644 3036 852 3108 desiderantum
879 3038 1140 3116 deprehendatque‚
1161 3061 1235 3119 qnae

149 3124 284 3196 barbara,
313 3141 386 3198 quae
405 3123 573 3199 impropria,
600 3125 673 3199 quae
701 3128 798 3180 contm
816 3123 906 3199 legem
932 3123 1077 3200 loquendi·
1094 3132 1158 3184 sunt
1182 3146 1235 3204 po-

151 3209 220 3271 sita.¹
247 3213 401 3266 nonutex
414 3207 456 3266 his
475 3209 572 3286 utique
592 3207 784 3288 improbentur
801 3213 919 3286 poetae,
948 3209 1064 3287 quibus,
1089 3211 1155 3288 quia
1169 3212 1233 3288 ‘pls-
1246 3212 1277 3269 14
1370 3283 1374 3294 .

150 3391 183 3444 ll.
195 3391 221 3444 2.
240 3393 270 3458 (ἓ
285 3394 309 3448 7.
323 3409 379 3445 cum
393 3391 483 3444 iisdem
501 3391 585 3446 Codri,
607 3395 716 3464 praehet
729 3391 797 3446 idem
810 3391 876 3446 liber
889 3391 959 3445 solus
974 3385 1010 3444 ex
1023 3394 1062 3446 Re
1081 3385 1245 3462 iisprobam'
1289 3457 1291 3461 .

150 3459 284 3516 lectionem
293 3461 458 3530 praecipue.)
491 3462 522 3514 ln
536 3462 568 3516 R.
583 3465 607 3518 1.
621 3471 648 3516 et
661 3463 701 3516 ed·
716 3463 807 3546 Carnp.
824 3469 866 3514 est
878 3409 1094 3532 hmdecosplloio
1114 3480 1132 3514 o
1145 3465 1235 3532 quitur

149 3539 209 3585 sont
224 3539 362 3584 commoto.
395 3529 617 3600 Praepositionem
633 3539 737 3585 tuentur
752 3540 827 3584 etnam
841 3531 928 3583 Gneli.
947 3537 974 3582 et
988 3531 1029 3582 ed.
1044 3530 1124 3586 Andr.
1147 3545 1149 3548 ·
1223 3577 1230 3584 .

217 3601 270 3661 §9-
288 3602 436 3670 quaeue-
451 3601 651 3668 doflooerimor]
676 3599 770 3667 Spald.
791 3598 979 3653 coniunctivum
999 3599 1134 3669 repudiat,
1158 3618 1233 3672 quem

121 3716 124 3720 .
148 3668 245 3723 habent
265 3669 356 3722 Turio.
373 3667 449 3723 Bodl.
470 3669 534 3722 Alm.
553 3671 629 3726 Voss.
648 3673 671 3724 1.
687 3669 766 3722 Bern.
786 3676 815 3721 'nt
828 3669 879 3722 ills.
891 3667 948 3720 Pal.
962 3670 1146 3738 deflexerim.
1181 3669 1233 3740 Est

147 3743 232 3806 autem
252 3739 356 3808 maudo
376 3737 447 3806 apud
460 3737 552 3800 Quint.
569 3756 648 3807 saepe
670 3737 847 3806 idem,·'quod
868 3737 1098 3807 propinquiores,
1114 3755 1185 3801 oum,
1202 3745 1249 3788 ut·
1269 3745 1275 3752 “
1354 3767 1361 3777 ·

147 3807 183 3870 X,
204 3811 227 3870 l,
250 3809 527 3864 montealtissimo
540 3809 596 3876 ipse
608 3811 742 3862 Romanos
759 3827 810 3860 oon
827 3809 944 3876 resipere.
952 3809 1075 3862 uideatur
1084 3811 1158 3866 iilum
1171 3807 1233 3858 solis

140 3893 292 3930 eoncessum
305 3879 404 3932 Atticis
412 3891 545 3942 nonaum,
570 3880 674 3946 quoodo
688 3896 746 3932 earn
759 3897 793 3930 ne
808 3878 904 3930 Grae&
919 3879 1022 3946 pridem
1034 3879 1062 3928 in
1074 3880 1127 3930 olio
1136 3891 1233 3944 genera

146 3947 256 4014 liugane
275 3947 439 4010 obtinuerint.
475 3945 535 3998 Vld.
550 3964 626 4018 ⁴quae
639 3949 672 4001 au
692 3949 719 4000 h.
734 3948 758 4000 .l.
771 3947 912 3999 Frotsoirer
930 3945 1075 4003 annotavit,
1108 3944 1252 3996 Geterom·

146 4015 260 4084 defluere
280 4017 351 4066 recte
363 4021 406 4067 est
419 4014 577 4078 Quintiliano
591 4017 739 4076 restitutum
752 4034 785 4068 ex
801 4017 819 4068 l.
832 4015 868 4072 X.
888 4018 911 4078 1,
934 4015 992 4067 226:
1014 4012 1153 4091 vestrimet
1163 4009 1232 4064 onim

144 4083 172 4136 in
187 4082 252 4136 vitia
261 4081 359 4146 nescii3
375 4083 416 4136 vel
425 4101 488 4153 prae
501 4083 623 4150 mollitie3
636 4088 775 4154 destestari
786 4103 803 4137 a
811 4089 883 4136 reete
889 4082 931 4133 via
939 4084 1046 4148 proptor
1052 4084 1231 4130 temerrtotaot·

214 4157 230 4219 ἓ
247 4150 287 4208 14.
307 4153 411 4220 mribus,
427 4155 499 4222 ,quio
510 4155 738 4222 «nominemini
754 4155 828 4206 Haeo
848 4158 876 4204 et
895 4146 1043 4216 sequentia,
1069 4145 1231 4228 macomeria
