2788 4452
128 198 229 298 sos
338 197 932 300 .rnFAb‚‘QU1NT1L1AN1
1093 195 1095 202 '

91 387 171 450 soon
186 387 271 446 dubio
286 385 384 446 vitiose
398 388 470 457 snut,
491 383 583 444 iuncta
597 383 656 443 sine
669 383 884 462 reprehensione
894 381 1045 444 adoraturi
1065 382 1140 444 Nam
1153 386 1210 446 dun
1258 434 1269 448 ,

129 478 210 532 ettae
223 471 344 550 etpondo
360 471 530 530 diversorum
548 487 679 546 generum
701 475 764 528 sunt
785 469 960 542 barbarismi:
982 469 1165 548 at'duopondo
1180 476 1210 530 et
1373 453 1381 480 ⁸

127 556 252 635 trepondo
263 575 351 632 usqne
366 555 404 614 ad
423 553 545 619 nostram
562 559 681 616 aetatem
699 554 735 612 ab
756 555 882 612 omnibus
895 555 997 620 dictum
1011 561 1080 630 est,·.
1090 562 1119 616 et
1136 562 1211 618 recte

89 643 185 704 radici
204 641 325 702 Messala
349 639 498 698 confirmat
540 637 698 698 Absortium
714 640 808 699 forsan
828 639 955 700 videatur
976 639 1084 715 dicere,
1110 642 1212 702 harba-

128 729 264 800 rismum„
275 727 352 802 quod
363 715 494 784 eutimius
508 722 712 796 contuitum,
725 723 786 783 fieri
804 743 856 802 per
870 743 1015 797 numeros,
1037 733 1086 784 aet
1098 745 1212 803 genera,

117 815 197 884 ,sicut
207 811 410 877 soloecismum:
430 809 507 877 acala
522 815 616 868 murco
632 814 662 867 et
674 827 769 885 scopo,
788 814 938 886 contraque
952 809 1050 868 iodea
1068 818 1098 870 et
1112 811 1212 885 malm

15 917 20 928 ¹
128 897 191 957 licet
210 897 348 956 literarum
360 895 554 966 mationem,
575 894 786 968 dementianus,
807 892 989 954 adiecfiormm
1007 914 1066 954 non
1079 889 1261 970 hebetantis¹

23 987 26 994 '
128 1002 185 1042 non
204 981 257 1040 alio
278 981 376 1039 vitiosa
392 985 472 1054 sunt,
492 997 575 1054 quam
593 972 670 1054 quod
687 977 805 1054 pluralia
822 979 998 1054 singulariter
1015 986 1044 1040 et
1063 981 1212 1058 siagdaria

32 1135 38 1148 ,
89 1075 122 1130 17
128 1066 269 1147 phalae
281 1065 446 1125 etimuntur:
469 1072 498 1124 et
511 1061 667 1139 gladioqui
681 1063 821 1136 dixerunt,
843 1083 947 1140 genere
959 1065 1126 1125 exciderunt
1154 1066 1213 1128 Sed

19 1177 21 1188 ·
128 1153 182 1212 hoo
199 1170 310 1230 quoque
325 1155 423 1210 notare
441 1153 585 1207 contentus
605 1167 683 1221 sum,
710 1149 832 1223 neorii,
853 1149 934 1228 csrlpa
953 1151 1127 1226 quonrudam
1147 1171 1213 1231 per·

128 1235 258 1296 meadum
270 1235 435 1314 perplexae,
455 1235 552 1292 videar
564 1239 592 1292 et
602 1233 662 1310 ipse
668 1234 862 1312 quaestionem
875 1235 1024 1294 addidisse

213 1321 278 1380 Plus
302 1322 415 1396 erigunt
434 1318 590 1377 subtilitatis
611 1317 684 1394 quae
703 1319 830 1376 accidunt
855 1322 884 1378 eir
906 1318 1016 1380 &cordo
1035 1319 1113 1392 vitia,
1146 1320 1212 1396 quia

129 1405 253 1486 exempla
270 1424 365 1466 eorum
381 1405 454 1462 tradi
472 1405 573 1481 scripto
594 1408 794 1480 nonpossunt,
815 1404 868 1464 nisi
879 1425 940 1464 cum
955 1405 1087 1464 inversus
1108 1403 1211 1464 incide·

129 1497 210 1564 runt,
239 1496 269 1548 ut
292 1491 388 1549 divisio
415 1489 556 1566 Europae,
582 1488 679 1547 Arabe:
707 1494 736 1546 et
756 1489 782 1548 ei
804 1492 970 1548 mnirarirun
993 1490 1104 1564 vitium,
1135 1485 1213 1566 quod

129 1575 301 1656 ouuulpeocv
318 1585 347 1634 et
360 1569 550 1653 συναλοιφὴν
564 1573 665 1634 Graeci
677 1578 788 1648 vaomrt,
808 1593 859 1632 uos
872 1575 1073 1654 complexiones
1083 1557 1214 1634 dicimusr¹
1285 1633 1291 1644 ,
1375 1573 1379 1580 ’

88 1667 120 1720 18
129 1661 214 1740 qualis
229 1667 272 1720 est
283 1662 359 1738 apud
371 1660 404 1718 P.
420 1659 587 1720 Varronem:

214 1745 279 1804 Caum
299 1751 325 1804 te
341 1745 479 1822 flagranti
497 1745 623 1812 deiectum
639 1741 758 1821 fulmine
778 1742 908 1803 Phocion.

127 1829 202 1890 Nem
209 1831 232 1888 si
243 1835 315 1889 esset
326 1847 409 1909 prosa
420 1830 517 1902 orah'o,
525 1829 635 1890 easdem
643 1827 736 1890 literas
750 1829 972 1890 enuneimeveris
982 1827 1093 1905 syllabis
1103 1827 1211 1888 licebat.
1273 1863 1277 1873 ‹
1317 1895 1322 1903 ,

127 1914 277 1974 Praeterea
288 1932 361 1990 quae
371 1914 441 1973 fiunt
454 1915 555 1992 spatio,
575 1915 631 1974 sive
644 1933 705 1974 cum
723 1914 827 1991 syllaba
842 1920 970 1993 correpte
981 1915 1151 1994 producitur,
1166 1919 1212 1970 ut:

213 1998 325 2058 Italiam
339 1998 406 2076 foto
421 1999 572 2078 profugum

128 2104 178 2144 seu
194 2085 281 2162 longa
297 2083 455 2162 corripiam,
483 2089 528 2144 ut:
558 2081 646 2144 Unius
663 2087 694 2144 ob
711 2101 810 2146 nonam
826 2089 853 2145 et
867 2083 979 2164 furium
1006 2088 1083 2143 extra
1101 2101 1213 2142 carmen

88 2178 188 2233 aanor
202 2169 407 2249 deprehendes:
431 2170 482 2230 sed
495 2189 547 2230 nec
565 2171 725 2233 iucannine
744 2172 810 2232 vitia
823 2172 951 2232 ducenda
970 2175 1042 2228 sunt.
1083 2167 1136 2227 illa
1147 2177 1220 2228 uero

129 2275 187 2315 non
198 2256 250 2316 nisi
267 2273 334 2316 aure
346 2258 505 2332 exiguuntur,
527 2275 599 2332 quae
612 2258 682 2316 fiunt
700 2277 752 2335 per
764 2277 863 2316 sonos:
892 2273 1050 2336 quenquam
1069 2273 1120 2332 per
1140 2253 1214 2331 espi-

129 2341 279 2414 rationem,
309 2340 366 2400 sive
392 2340 517 2398 adiicitur
537 2341 649 2413 vitiose,
678 2342 736 2400 sive
755 2342 920 2414 detrahitur,
950 2343 1026 2419 apud
1045 2359 1097 2397 nos
1120 2343 1214 2416 potest
1284 2370 1288 2376 ·

47 2417 59 2433 ’
131 2426 243 2502 quaeri,
263 2443 300 2484 an
319 2425 348 2482 in
368 2426 470 2501 scripto
492 2424 528 2482 sit
545 2423 662 2484 vitium?
688 2426 712 2482 si
725 2425 755 2484 H
777 2424 855 2484 litem
875 2431 930 2498 est,
950 2444 1009 2482 non
1028 2431 1111 2494 nota3
1138 2425 1213 2482 euirrs

88 2518 123 2572 20
131 2511 241 2587 quidem
256 2510 325 2568 ratio
338 2515 445 2571 mutata
466 2529 526 2567 eum
540 2510 711 2588 temporibus
731 2516 773 2570 est
785 2511 903 2587 saepius.
945 2509 1108 2581 Parcissime
1121 2527 1255 2574 eave-au

129 2601 202 2658 teres
214 2595 256 2654 usi
269 2594 352 2654 etiam
364 2593 561 2669 munenibus,
583 2613 645 2654 urm
658 2595 750 2668 oedoa,
772 2599 891 2673 ricomue
910 2595 1046 2656 dicebaut
1088 2593 1146 2656 Diu
1163 2595 1213 2654 de·

200 2748 217 2812 §
238 2743 278 2803 17.
306 2746 442 2813 Europae,
467 2744 564 2812 Asine]
589 2742 629 2798 lta
648 2761 696 2814 pro
718 2742 789 2814 vulg.
802 2743 922 2814 Europai
941 2743 1035 2868 scripsi
1059 2743 1215 2798 auctoritate

34 2839 40 2847 ·
132 2811 216 2868 eodo.
227 2811 320 2866 Turio.
336 2813 472 2882 (Europae
486 2821 512 2866 ct
525 2815 604 2866 Asiae
616 2832 673 2866 cum
690 2812 732 2867 ed.
747 2813 838 2884 camp.
855 2823 883 2866 et
896 2813 979 2867 Codd.
1020 2854 1026 2866 .
1042 2815 1075 2868 R.
1090 2818 1114 2868 1.
1130 2817 1163 2876 23
1188 2811 1215 2864 in

131 2883 171 2936 his
183 2888 223 2936 est
237 2885 340 2951 Europe
355 2891 382 2935 et
396 2883 470 2950 Aeie)
490 2883 578 2936 Guels.
596 2883 677 2936 Goth.
694 2885 773 2937 Bam.
787 2891 814 2936 et
827 2883 903 2937 Voss.
918 2886 942 2938 l.
957 2883 1001 2952 qui
1012 2885 1091 2934 Actae
1105 2883 1131 2933 in
1147 2897 1215 2935 mar-

132 2951 193 3019 gine
205 2952 290 3004 habet.
314 2951 399 3004 Earct
414 2951 488 3003 nobis
499 2951 614 3004 Gesneri
629 2963 657 3004 et
667 2953 758 3020 Spald.
776 2951 910 3008 iudicium.
933 2951 1041 3004 Accedit
1057 2949 1215 3002 Ltnemsnni

132 3028 207 3075 nota:
233 3021 311 3085 „Pro
328 3021 446 3088 Europni
462 3037 519 3072 cum
534 3019 665 3074 codicibus
683 3020 848 3074 scribendum
864 3021 1001 3088 Europae,
1025 3019 1120 3081 Asiae,
1145 3018 1215 3087 quod

132 3095 174 3143 est
186 3087 286 3144 initium
304 3105 395 3142 versus
411 3087 567 3150 hexametri,
586 3096 617 3139 ut
628 3089 696 3158 apud
710 3089 822 3142 Statium
837 3087 963 3152 Achiui,
980 3089 1021 3148 82.
1040 3084 1147 3154 legimus
1158 3089 1215 3140 aa

73 3183 79 3196 ι
132 3175 261 3228 soporeque
276 3159 404 3226 Asiaeque
416 3175 515 3208 monae.
549 3151 610 3208 Non
626 3164 711 3210 eutem
725 3157 924 3225 reprehenditur
938 3155 1034 3209 divisio
1045 3155 1174 3214 rocelium
1188 3155 1215 3209 in

133 3244 211 3280 versu
223 3225 357 3287 iaciendo,
378 3224 465 3284 sedin
484 3224 603 3288 dicendo,
628 3243 695 3296 quaa
710 3226 788 3296 culpa
807 3241 858 3280 non
877 3233 917 3279 est
935 3242 1015 3296 penes
1030 3230 1145 3295 potitam,
1169 3223 1215 3279 sed

131 3312 211 3364 penes
225 3293 445 3365 grammaticorum
457 3293 589 3362 vulgum.“
644 3301 646 3308 ‘
874 3357 878 3362 Ι

131 3369 218 3486 'b‘d§
238 3363 487 3486 1{·⁵Itoliomfuto
503 3364 652 3443 profugae]
677 3362 740 3446 idid.
758 3362 853 3432 Vergil.
871 3364 936 3418 Aen.
953 3362 976 3428 l,
994 3365 1022 3420 6.
1057 3362 1140 3428 Panlo
1155 3369 1216 3435 port

130 3451 140 3484 r
159 3451 169 3485 ι
188 3472 196 3488 .
212 3451 238 3486 r.
294 3471 300 3484 .

155 3555 160 3562 ,
204 3505 221 3568 S
235 3503 277 3556 19.
290 3502 350 3554 affl
358 3501 437 3555 litera
448 3518 501 3554 non
512 3508 551 3555 est
564 3501 670 3568 notatu]
682 3499 877 3556 HanoGesueri
892 3501 1093 3574 mandationem
1107 3501 1214 3568 erCod.

135 3569 216 3625 Goth.
230 3569 366 3624 dumamac'
379 3572 408 3624 11
419 3573 498 3626 litera
511 3588 563 3624 non
579 3577 617 3623 ert
636 3579 732 3627 actutu
749 3570 790 3638 (in
804 3573 879 3624 Voss.
895 3573 921 3626 2.
935 3571 1030 3640 legitur
1048 3581 1094 3628 eet.
1104 3590 1157 3628 nour
1169 3590 1216 3627 ua·

6 3687 7 3706 ,
134 3641 210 3708 toto)
223 3639 339 3692 defendit
351 3640 434 3709 Sarpe
454 3638 480 3691 in
499 3639 574 3694 naal.
597 3656 622 3722 p.
642 3640 689 3693 47.
726 3641 840 3762 Vulgata
858 3647 900 3696 est
917 3642 942 3694 ei
956 3641 986 3692 H
998 3643 1140 3703 dimanat,
1163 3657 1217 3696 aon

14 3743 21 3752 -
89 3738 92 3745 ν
134 3717 207 3762 noto.
232 3709 350 3774 „Vitium
362 3710 439 3773 euim,
457 3709 590 3762 Gesnerns
601 3709 700 3778 inquit,
717 3710 766 3764 hau
801 3710 878 3764 dubie
891 3715 932 3762 est
946 3725 1041 3778 ponere
1055 3708 1155 3762 literam
1171 3709 1216 3762 ubi

135 3795 186 3834 non
205 3777 301 3844 debet,
314 3780 435 3832 omittere
452 3776 496 3832 ubi
515 3776 634 3846 ponende
649 3785 713 3834 erut.
747 3778 802 3832 Sed
820 3777 911 3848 quaeri
930 3795 993 3838 sane
1008 3783 1111 3846 potest,
1134 3796 1170 3832 nc
1188 3781 1217 3832 ia

81 3896 87 3906 Χ
134 3849 230 3917 scripto
250 3849 285 3904 cit
303 3849 411 3912 uitium,
442 3848 466 3900 ai
483 3846 607 3915 aspiratio
628 3847 702 3928 signo
724 3863 771 3903 suo
792 3849 823 3900 H
838 3848 918 3902 litero
932 3865 984 3900 nou
999 3855 1038 3900 cst
1052 3855 1161 3912 notato,
1184 3865 1216 3902 ec

135 3925 233 3970 tantum
246 3917 272 3972 iu
286 3915 446 3988 proferendis
461 3915 562 3980 verbis,
586 3915 670 3968 sicubi
683 3932 749 3985 opus
763 3916 883 3979 videtur,
908 3914 1059 3970 adiicitur.“
1084 3917 1121 3970 Et
1132 3917 1217 3987 Sarpe

135 3985 262 4040 adversus
275 3987 366 4058 Spald.
386 3984 497 4040 centauri
516 3985 589 4038 iubet
608 3983 698 4048 Quint.
721 3985 744 4053 1,
760 3984 786 4048 4,
803 3987 828 4042 9.
847 3983 891 4038 ubi
911 3983 976 4038 illud
994 3985 1021 4038 Η
1039 4003 1097 4042 esse
1116 3987 1217 4040 literam

136 4067 187 4108 non
198 4056 310 4110 obscure
321 4056 423 4127 prodit,
442 4052 556 4123 nihilque
569 4053 703 4123 impedire,
714 4052 855 4125 >quominus
869 4052 933 4109 illud
947 4055 1028 4118 euius,
1044 4057 1114 4127 quod
1126 4054 1216 4126 mqui-

136 4128 192 4186 tur‚
211 4123 244 4178 ad
258 4125 285 4178 Η
299 4126 400 4182 literam
414 4124 553 4180 referatur.
1020 4157 1026 4165 -
