2788 4452
131 245 154 306 o
197 217 203 224 '
344 220 347 228 '
426 235 467 300 n.
490 217 589 337 nno.
617 183 931 308 eurnnrm‘rm

92 399 125 455 12
132 415 208 457 nere.
246 392 313 470 lin,
334 394 359 453 si
378 392 600 472 frequentissime
620 392 656 466 de
674 392 795 467 institia,
822 371 1000 470 tortitudine,
1027 367 1250 478 temperantiae

133 481 287 558 ceterisque
303 479 435 541 similibus
449 480 487 538 sit
497 479 700 553 disserendum,
722 485 750 538 et
763 477 846 553 adeo,
867 479 948 537 utvix
960 481 1016 545 ulla
1030 485 1125 562 possit
1137 503 1222 545 cansa

131 567 265 646 reperiri,
282 567 312 624 in
335 581 418 644 qnam
436 559 494 623 non
516 563 608 642 aliqua
623 565 750 642 quaestio
770 563 864 622 ex'lris
878 565 995 641 ineidat,
1024 567 1113 646 euque
1128 571 1222 631 omnia
1294 611 1299 617 .

132 652 294 720 inventione
307 657 392 728 atque
413 649 566 710 elocrrtione
587 649 643 708 sint
658 647 837 728 explicanda:
860 647 1044 729 dubitabitur,
1065 653 1220 735 tibiamque
1260 672 1266 676 ·
1326 722 1328 726 ¹
1387 651 1388 658 '

110 767 113 770 ·
131 737 173 796 'vis
187 727 292 814 in'genii
306 742 334 797 et
343 735 424 816 copia
437 733 546 794 dicendi
558 733 739 814 postulatur,¹
755 734 792 793 ibi
804 741 899 812 partes
916 737 1036 795 oratoris
1050 743 1115 821 esse
1135 760 1220 822 prae·
1265 781 1273 794 r

40 850 43 856 ·
89 829 122 884 13
131 819 251 904 'cipuas‘l
276 819 457 899 Fuenmtque
476 819 562 894 haec,
585 827 617 879 nt
630 820 729 880 Cicero
750 819 924 899 apertissime
945 821 1070 900 colligit,
1084 826 1220 902 quarrad-

131 909 259 970 modum'
272 907 366 966 irmcta
385 911 501 980 natura,
536 906 577 964 sic
595 904 688 964 officio
714 923 825 983 quoque
844 907 984 985 copulata,
1011 915 1043 967 nt
1064 909 1148 970 iidem
1172 929 1220 981 sa-

47 1035 52 1042 ·
130 985 240 1076 pientes
259 998 344 1071 atque
369 991 532 1069 eloquentes
550 983 723 1050 habe'rentur.
761 992 854 1064 Scidit
866 992 969 1051 deinde
982 1012 1014 1054 se
1022 995 1156 1072 stasilum,
1177 997 1221 1056 atss

7 1129 16 1134 ,.
113 1097 187 1164 ¹que
200 1075 300 1138 inertia
312 1079 414 1138 sactum
428 1081 489 1150 est,
507 1081 538 1136 ut
551 1081 624 1152 artes
639 1074 809 1155 'esseplures
823 1075 989 1137 viderentur.
1014 1079 1151 1142 'Nam-'ut
1162 1083 1222 1162 pri-¹
1320 1131 1325 1138 .

130 1167 205 1225 rnur'n
220 1163 314 1240 lingua
327 1183 391 1223 esse
405 1161 498 1240 coepit
513 1162 541 1219 in
557 1161 699 1239 quaestu,
714 1161 924 1240 institutumque
945 1161 1121 1241 eloquentiae
1130 1165 1220 1228 ‘bonis
1271 1198 1277 1203 ·

59 1287 62 1296 ·
90 1250 124 1310 14
132 1241 205 1310 male
220 1249 277 1322 uti,
305 1266 396 1307 curam
415 1259 539 1322 monum,
559 1247 607 1324 qni
630 1246 1133 1330 dsertibabebantnr‚reliquen1nt
1175 1252 1220 1312 Ea

49 1347 53 1352 '
117 1327 197 1395 *sero
213 1333 361 1408 destituta,
381 1331 575 1391 infirmioribus
597 1331 716 1407 ingeniis
736 1331 811 1391 velut
828 1334 951 1411 praedae
970 1335 1039 1394 fruit
1055 1339 1059 1346 '
1073 1335 1143 1398 lnde
1157 1340 1239 1416 qui··

46 1435 49 1440 ·
132 1421 213 1494 dam,
233 1411 458 1478 contemto'bene
474 1415 584 1488 dicendi
601 1415 713 1491 labore,
727 1415 772 1475 'ad
792 1417 953 1477 formandos
969 1419 1077 1481 animos
1094 1427 1219 1487 statuen-

132 1507 240 1584 dasque
254 1503 327 1562 'ritae'
339 1501 417 1580 leges
430 1503 568 1580 regressi,
588 1509 696 1581 partem
711 1503 823 1578 quidem
836 1503 988 1582 potiorem,
1010 1507 1035 1564 si
1050 1507 1219 1589 dividipos·

105 1586 110 1594 ’
131 1595 193 1666 s'et,
220 1589 406 1652 retinuerunt:
435 1607 539 1647 nomen
559 1591 652 1647 tamen
672 1585 724 1644 sibi
745 1588 998 1656 insolentissinunn'
1010 1601 1219 1670 arrogaverunt,

6 1715 12 1720 -
131 1683 164 1736 ut
182 1675 242 1734 soli
253 1675 406 1758 sapientiae
424 1673 541 1731 studiosi
557 1678 736 1746 vocarentnr3
758 1674 834 1750 quod
848 1693 939 1752 neque
955 1674 1053 1736 ¹sur'rnui
1067 1678 1218 1757 imperato·

131 1779 195 1835 res,
215 1757 306 1836 neque
322 1759 351 1817 in
373 1755 492 1817 consiliis
509 1775 601 1816 rerum
620 1758 797 1830 marimamm
818 1771 852 1818 ac
872 1760 959 1819 totins
980 1762 1216 1826 administratione

131 1841 297 1925 'reipublicae
315 1843 533 1925 praeclarissime
550 1842 670 1917 versati,
692 1843 746 1904 sibi
766 1861 889 1922 unquam
911 1847 1049 1908 vindicare
1067 1843 1133 1908 sunt
1146 1851 1216 1910 ausi.

92 1929 236 1990 15Facere
250 1930 322 1990 enirn
339 1925 456 2007 optima,
478 1946 560 2005 quarn
571 1929 749 2006 promittere,
770 1930 931 1991 maluerunt.
962 1931 1004 1992 Ae
1017 1939 1139 1994 veterum
1155 1937 1218 2016 qui·

132 2009 197 2076 dein
220 2007 374 2094 sapientiae
395 2016 584 2093 professorum
607 2014 707 2087 multos
731 2021 759 2076 et
777 2015 895 2100 beneda
906 2019 1106 2096 praecepisse,
1136 2026 1164 2078 et
1184 2027 1216 2079 ut
1336 2069 1340 2080 .

130 2107 345 2182 praeceperunt,
367 2097 453 2160 etiam
461 2099 578 2174 vixisse,
599 2100 680 2161 facile
694 2095 888 2162 concesserim:
909 2103 1013 2160 nostris
1025 2121 1090 2162 vero
1104 2109 1214 2184 tenpo-

129 2188 206 2248 ribus
221 2187 272 2244 snb
284 2185 338 2260 hoc
351 2187 462 2245 nomine
476 2186 594 2244 maxima
607 2185 637 2242 in
652 2186 791 2266 plerisque
804 2189 872 2247 vitia
884 2185 1030 2248 latr'rerunt.
1058 2187 1126 2248 Non
1141 2190 1223 2250 enim·

129 2271 230 2332 virtute
242 2291 275 2330 ac
286 2272 401 2345 studiis,
421 2280 454 2329 nt
468 2269 636 2332 haberentur
650 2272 824 2350 philosophi,
845 2273 1023 2351 laborabant,
1044 2275 1096 2335 sed
1109 2275 1214 2336 vultum
1257 2335 1259 2342 ,

131 2363 160 2417 et
170 2354 307 2415 tristitiam
322 2362 350 2414 et
363 2355 595 2416 dissentientema
607 2357 704 2414 ceteris
719 2357 842 2415 habitum
853 2360 982 2434 pessimis
996 2361 1118 2418 moribus
1130 2377 1225 2440 prae-'
1260 2395 1283 2433 ·.

90 2449 123 2502 16
130 2441 289 2502 tendebant
328 2440 412 2523 ¹Haec
424 2447 516 2500 autern
531 2461 603 2519 quae
615 2439 692 2499 velut
705 2441 819 2521 propria
840 2441 1031 2522 philosophiae
1043 2453 1238 2522 asserentum

128 2527 233 2608 passim
245 2532 392 2598 tractamus
405 2525 520 2586 omnes.'
547 2526 622 2595 Quid
636 2527 725 2602 enim3
744 2545 803 2584 non
816 2527 853 2586 de
864 2527 949 2602 insto,
969 2545 1069 2604 aequo,
1090 2549 1124 2588 ae
1139 2531 1226 2590 bono.
1287 2581 1292 2592 .

125 2614 213 2673 modo
229 2631 286 2670 non
301 2619 330 2672 et
340 2612 382 2670 vir
391 2612 526 2691 pessimus
541 2609 684 2688 loquitur?
705 2612 767 2688 quis
782 2631 838 2670 non
852 2612 934 2672 etiam
946 2613 1108 2674 rusticourm
1122 2613 1214 2695 aliqua

130 2699 168 2759 de
182 2697 271 2758 causis
287 2697 455 2758 naturalibus
468 2694 598 2775 quaerit?
624 2715 689 2754 nam
703 2696 849 2757 verborum
863 2699 1020 2778 proprietas
1034 2719 1067 2759 ac
1080 2700 1213 2762 differen·
1313 2760 1316 2770 ,

51 2809 57 2817 ·
123 2784 192 2858 tia,
206 2781 350 2858 omnibns,
378 2784 425 2862 qni
447 2799 602 2858 sermonem
620 2801 700 2843 curae
721 2783 839 2859 habent,
863 2785 948 2846 debet
968 2804 1033 2845 esse
1052 2789 1212 2852 communis.

6 2921 11 2938 ,
89 2881 122 2936 17
130 2869 189 2932 sed
203 2885 245 2928 ea·
254 2869 369 2929 etseiet
383 2870 486 2950 optime
499 2874 528 2928 et
543 2868 695 2944 'eloquetur
713 2875 821 2928 orator:
845 2870 928 2946 quisi
947 2871 1046 2931 suisset
1061 2871 1212 2948 aliquando

128 2956 284 3034 perlectus,
307 2971 364 3012 non
378 2971 396 3011 a
408 2952 634 3032 pbilosophorum
648 2953 748 3010 scholis
762 2955 867 3011 virtutis
881 2962 1032 3032 praecepta
1042 2961 1211 3031 peterentur.

123 3037 211 3106 ¹Nunc
224 3058 339 3108 necesse
352 3039 445 3098 estad
458 3055 507 3098 eos
520 3037 668 3114 aliquando
683 3041 815 3097 auctores.
822 3037 978 3113 recurrere,
1000 3040 1047 3115 qui
1063 3041 1212 3118 desertam,

73 3149 80 3156 ·
122 3123 158 3184 'ut
172 3124 244 3198 dixi,
264 3129 372 3203 partem
386 3123 522 3182 oratoriae
542 3121 625 3195 arus,
646 3121 787 3182 meliorem
802 3123 979 3200 praesertim,
1000 3135 1212 3204 occupavenmt,

128 3217 157 3268 et
169 3209 252 3270 velati
266 3214 390 3267 nostrum
404 3205 566 3286 reposcere:
588 3222 646 3267 non
659 3211 690 3264 nt
702 3225 759 3276 nos,
769 3205 876 3266 illorum
891 3214 998 3266 utamur
1010 3209 1138 3287 inventis,
1158 3215 1210 3274 sed
1220 3221 1251 3266 to

82 3299 158 3356 aaut
175 3293 237 3353 illos
251 3293 347 3352 alienis
364 3311 430 3351 usos
446 3303 509 3352 esse
524 3291 678 3372 doceamus.
721 3291 765 3351 Sit
782 3293 867 3370 igitur
880 3295 974 3352 orator
986 3295 1027 3353 uir
1044 3295 1119 3372 talis,
1141 3317 1226 3382 qna-⁸
1279 3293 1283 3302 “
1322 3323 1326 3332 ·

114 3375 159 3438 ¹lis
172 3398 239 3440 vere
253 3377 364 3456 sapiens
384 3375 517 3456 appellari
528 3375 635 3456 possit3
656 3395 708 3438 uec
726 3379 849 3436 rnoribus
868 3377 953 3439 modo
970 3382 1112 3458 perfectus
1130 3383 1209 3459 (nam
1257 3405 1262 3412 ·

76 3524 79 3536 ¹
125 3464 159 3532 id,
168 3483 231 3523 mea
244 3464 356 3540 quidem
370 3462 501 3543 opinione
507 3507 518 3539 ‚
539 3461 697 3542 quanquam
717 3465 774 3524 sint
794 3464 843 3542 qui
862 3459 1041 3543 dissentiant,
1060 3467 1130 3527 satis
1151 3487 1210 3530 non

194 3627 781 3736 sra.cner0]noanrsrn‚ra“
897 3671 900 3676 ·
1129 3661 1179 3690 '·
1272 3673 1301 3730 ·.

194 3735 211 3798 ἓ
231 3733 272 3787 16.
293 3735 362 3800 Qrtirl
373 3737 457 3800 enim3
473 3739 541 3806 non]
567 3735 645 3806 Vulg.
667 3737 731 3804 Quis
744 3737 812 3790 enim
825 3753 884 3790 nors.
911 3735 1029 3790 'Sublata
1046 3733 1228 3804 parenthesb·

124 3817 178 3874 qua
200 3801 291 3871 Spald.
311 3805 392 3858 verba
410 3807 487 3859 modo
507 3823 559 3862 nou
574 3811 600 3858 et
618 3807 660 3861 uir
678 3807 804 3876 pessimus
824 3807 850 3862 b.
870 3825 893 3860 e.
912 3807 1100 3884 propemodum
1120 3814 1146 3860 et
1165 3810 1208 3862 uir

6 3871 7 3912 l
120 3886 189 3942 pers.
202 3880 233 3924 ut
246 3887 261 3924 a
276 3873 339 3939 Quis
355 3875 495 3938 remotiora
515 3875 663 3938 incluserat,
690 3875 904 3942 Sarpe⁸Analecb
921 3891 946 3945 p.
958 3878 1004 3928 ll.
1020 3893 1035 3926 e
1050 3873 1116 3928 Cod.
1130 3875 1207 3932 Voss.

6 3919 7 3948 ¹
114 3941 147 3996 a.
160 3948 234 3998 neto
247 3941 337 4008 serron
351 3945 421 4022 ona
434 3946 518 4006 arm,-
533 3962 600 4006 non,
618 3941 675 3998 con.
687 3943 709 4009 1,
728 3947 754 4006 ⁵,
774 3939 817 4002 44.
836 3949 863 3997 u
876 3943 911 4007 rr,
928 3945 954 4013 s,
972 3945 999 3999 r.
1016 3943 1206 4016 inquorum.

6 4025 7 4032 ¹
122 4024 148 4130 p.
164 4009 224 4064 1³5.
259 4011 289 4064 ln
303 4028 415 4066 errorem
431 4013 528 4067 ducere
542 4011 627 4084 potuit
639 4019 667 4065 et
679 4011 838 4082 praecedens
857 4029 942 4066 omnes
959 4019 986 4068 et
1000 4031 1056 4084 seq.
1071 4016 1206 4082 ρνιὶοιιωι.

147 4077 279 4134 articulum
293 4089 320 4138 et
333 4099 349 4134 a
364 4081 510 4138 Bannanno
523 4087 647 4135 tentatam
658 4081 746 4135 delent
758 4083 843 4136 Codd.
857 4081 942 4154 Regg.
956 4081 1041 4140 Paris.
1053 4087 1111 4142 Μ.
1125 4093 1153 4140 et
1164 4085 1207 4140 ed.

123 4147 214 4220 (lamp.
248 4147 402 4206 Postmodo
416 4169 467 4206 non
481 4167 554 4205 uerno
566 4151 722 4206 desiderarit
734 4152 894 4223 particulam.
1152 4169 1158 4186 ⁰
