2788 4452
133 225 177 290 54
426 216 466 278 M.
494 216 592 278 ΕΔΒ.
620 213 925 288 QUINTILthI
984 275 991 280 .

132 399 191 438 uon
203 383 327 457 exparte
341 375 469 446 minima,
498 374 603 450 siquid
621 363 748 431 in'uobis
767 372 852 432 virilis
871 374 977 432 roboris
993 376 1142 449 manebat,
1172 397 1219 437 ex-
1235 381 1248 404 ‘

134 466 217 536 cidit3
239 464 290 522 sea
304 481 359 539 qua
371 461 465 520 laudes
487 461 600 518 fortimu
617 460 800 532 canebantur,
831 477 940 535 quaque
959 465 989 518 et
1007 461 1160 537 ipsi‘fortes
1173 462 1220 521 ola-¹
1251 479 1259 492 ·

133 551 253 608 nebant:
270 543 327 607 'neo
334 545 468 624 psaltem
479 551 508 605 et
518 544 661 622 spadices,
681 545 766 602 etiam
782 545 934 620 virginibus
945 546 1043 623 probis
1051 549 1219 630 recusanda,
1231 560 1279 606 110

133 636 184 694 sed
205 634 394 709 cognitionem
409 632 536 704 rationis,
559 647 633 707 quae
653 630 691 686 ad
713 631 866 701 movendos
886 630 1085 708 leniendosque
1104 633 1222 692 affectus
1339 699 1341 706 ¹

92 732 126 787 32
133 720 280 799 plurimum
291 717 380 778 valet.
391 715 467 791 Nam
482 723 511 775 et
518 715 706 790 Pythagoram
720 715 874 792 accepimus
886 717 1038 774 concitatos
1050 719 1088 774 ad
1099 719 1157 776 vim
1169 729 1222 796 prt-

134 805 212 864 dicae
224 805 318 861 domui
336 802 506 860 afferendam
519 801 646 872 iuvenes,
672 799 747 857 iussa
764 805 872 877 mutare
897 802 927 858 in
949 803 1222 878 spondemn'modos
1263 829 1269 836 ·

134 889 255 962 tibicina,
268 888 467 964 composuisse:
496 891 526 944 et
542 885 714 962 Chrysippus
728 886 812 949 etism
824 888 971 958 nutrimm,
989 905 1062 964 quae
1075 889 1222 948 adhibetor

92 973 299 1046 salutantibus,
328 971 496 1031 ahectationi
515 989 594 1028 suum
611 969 752 1046 quoddam
771 987 882 1028 oarrnen
899 972 1029 1047 assignat
1071 972 1124 1030 Est
1137 972 1221 1032 etiam

134 1078 191 1118 non
203 1059 342 1118 inerudite
354 1055 391 1114 a'd
404 1055 611 1114 declamandum
630 1055 695 1112 ficta
713 1055 846 1129 materia,
867 1056 898 1112 in
913 1075 969 1131 qua
980 1058 1096 1134 ponitur
1106 1059 1220 1130 tibicen,

134 1146 185 1222 qni
194 1142 356 1201 sacrificanti
371 1141 526 1216 Phrygium
534 1141 686 1210 cecinerat,
708 1145 771 1196 aeto
782 1139 829 1198 illo
846 1141 875 1198 in
887 1141 1021 1200 insaniam
1035 1147 1065 1201 ct
1076 1163 1127 1221 per
1139 1151 1223 1222 prae-

133 1229 232 1307 cipitia·
247 1227 355 1299 delato,
383 1225 519 1298 accusari,
546 1226 625 1301 ¹quod
645 1241 726 1282 causa
744 1217 840 1282 mortis
860 1226 1009 1298 exstiterim
1032 1229 1147 1304 quaesi
1167 1230 1222 1288 dici
1245 1271 1252 1282 ,

135 1315 221 1373 debet
240 1313 275 1370 ab
288 1305 414 1385 oratore,
436 1331 488 1370 uec
506 1311 561 1368 dici
578 1311 645 1368 citra
662 1309 808 1368 scientiam
819 1311 934 1371 musices
951 1318 1060 1390 potest;
1081 1315 1222 1390 quomodo

134 1407 205 1470 nou,
233 1398 305 1454 hanc
323 1415 434 1473 quoque
452 1401 541 1455 artem
559 1394 742 1478 necessariam
762 1412 823 1454 esse
840 1397 919 1476 operi
936 1402 1048 1470 nostro,
1070 1399 1114 1458 rel
1133 1400 1222 1477 iniqui

135 1479 328 1542 consentienti
680 1528 683 1532 .
790 1539 792 1546 ,
999 1535 1004 1543 ,

92 1565 128 1642 34
217 1567 251 1625 lu
262 1570 405 1643 geometria
420 1572 528 1648 partem
541 1567 666 1626 fatentur
677 1583 739 1625 esse
749 1563 846 1625 utilem
856 1567 960 1626 teneris
974 1569 1121 1627 aetatibus.
1151 1567 1222 1646 Agi-

134 1655 187 1713 tari
205 1673 324 1729 nmnque
341 1653 464 1724 animos,
485 1659 571 1729 atque
588 1652 649 1710 aeui
665 1652 793 1728 ingenia,
815 1656 845 1710 et
866 1652 1033 1716 celeritatem
1052 1655 1222 1740 percipiendi
1239 1695 1241 1700 -

134 1740 228 1798 venire
249 1739 330 1810 iude,
362 1739 531 1796 concedunt:
561 1737 612 1794 sed
636 1738 770 1813 prodesse
791 1753 869 1809 earn,
889 1757 948 1796 nou
967 1743 998 1796 ut
1015 1746 1119 1799 ceteras
1139 1746 1221 1812 artes,

33 1835 37 1846 ¹
136 1843 198 1884 curn
211 1828 360 1900 perceptae
373 1823 446 1895 siut,
467 1822 591 1881 sed'cmn
606 1821 742 1894 discatur,
764 1823 928 1882 exutimaut.
972 1821 1016 1882 Ea
1026 1825 1148 1901 uolgatis
1161 1827 1223 1904 opi-

51 1913 57 1922 '
93 1910 181 1968 35uio
201 1912 253 1988 est,
295 1905 358 1966 Nec
377 1907 437 1966 sine
457 1925 539 1965 causa
556 1907 652 1964 summi
670 1908 721 1964 viri
740 1905 824 1966 etiam
841 1909 993 1986 impensam
1011 1909 1075 1969 huic
1093 1913 1223 1971 scientiae

136 2013 249 2072 operam
268 1992 412 2051 dederunt.
456 1991 530 2052 Nam
550 2008 611 2050 cum
630 1993 667 2050 sit
684 1995 828 2069 geometria
843 1994 932 2052 divisa
944 1995 972 2050 in
993 2012 1120 2057 numeros
1140 2002 1223 2073 atqrre

136 2082 252 2139 formas:
273 2097 438 2136 numeroram
451 2078 564 2156 quidem
576 2079 677 2136 notitia
688 2094 746 2136 non
765 2081 870 2137 oratori
881 2080 981 2153 modo,
991 2101 993 2106 ¹
1003 2082 1054 2139 sed
1070 2081 1222 2157 animmque

67 2153 72 2164 “
136 2165 231 2243 primis
245 2164 340 2222 saltem
357 2163 444 2224 literis
464 2164 572 2224 erudito
590 2166 744 2224 necessaria
764 2169 814 2222 est.
858 2163 891 2222 ln
911 2167 999 2225 causis
1018 2185 1086 2226 vero
1104 2167 1148 2226 rel
1165 2169 1222 2226 fre-

137 2251 315 2326 quentissirne
328 2252 431 2310 versari
444 2249 530 2320 solet;
552 2250 580 2305 in
593 2251 690 2325 quibus
704 2254 796 2322 actor,
818 2267 875 2307 uon
888 2251 963 2323 dico,
985 2253 1008 2310 si
1021 2253 1092 2310 circa
1104 2270 1224 2314 sunrmas

136 2336 273 2411 trepidat,
295 2333 347 2391 sed
363 2334 386 2390 si
402 2335 553 2410 digitorum
572 2333 670 2400 saltem
685 2335 789 2392 incerto
809 2341 858 2392 aut
874 2337 1005 2396 indecoro
1018 2343 1099 2412 gestu
1113 2353 1130 2397 a
1149 2359 1223 2397 corn-

95 2431 130 2486 35
137 2420 283 2498 putatione
302 2419 447 2491 dissentit,
473 2419 611 2476 iudicatur
627 2420 762 2477 indoctas.
806 2419 856 2478 llla
872 2441 939 2480 vero
958 2421 1066 2481 linearis
1085 2423 1171 2497 ratio,
1195 2429 1279 2482 et111

86 2543 89 2552 ·
124 2505 198 2582 ·ipsa
208 2504 321 2579 quidem
334 2505 409 2562 cadit
419 2506 581 2580 frequenter
593 2505 622 2560 in
635 2520 744 2574 causas,
764 2510 830 2562 riam
846 2505 883 2564 de
893 2507 1018 2566 terminis
1034 2510 1225 2585 mensurisque

137 2595 202 2648 suut
216 2588 294 2648 lites:
324 2590 375 2648 sed
393 2587 478 2649 habet
489 2589 620 2647 maiorem
643 2590 782 2665 quandam
795 2589 878 2649 aliam
897 2611 958 2651 curn
971 2599 1032 2652 arte
1044 2595 1165 2652 oratoria
1178 2611 1224 2652 co·

95 2685 130 2741 37
137 2676 306 2751 guationem.
348 2674 408 2734 lam
418 2674 625 2753 primumrordo
639 2678 682 2731 est
699 2678 858 2748 geometriae
871 2680 1056 2750 necessarius,
1082 2693 1175 2738 nonne
1195 2685 1224 2740 et

138 2760 320 2838 eloquentiae?
340 2759 384 2818 Ex
396 2761 532 2838 prioribus
545 2759 699 2835 geometria
712 2761 815 2838 probat
828 2760 1019 2840 insequentia,
1042 2771 1072 2824 et
1087 2767 1168 2824 certis
1182 2767 1225 2826 in-

138 2851 227 2916 certa3
248 2865 341 2904 noune
355 2846 384 2902 id
402 2848 431 2904 in
445 2846 562 2904 dicendo
576 2841 714 2903 facimus?
743 2843 841 2913 Quid‘l
862 2847 908 2905 illa
924 2851 1129 2927 propositarum
1140 2871 1225 2928 quae·

138 2930 259 2988 stionum
279 2929 433 3004 conclusio,
455 2949 512 2990 non
530 2936 592 2988 tota
610 2931 668 2990 sere
689 2936 796 2988 constat
815 2931 999 3009 syllogismis?
1020 2937 1225 3014 propterquod

104 3051 107 3056 ,
137 3015 230 3094 plures
243 3015 382 3090 invenias,
406 3015 453 3092 qui
473 3013 630 3074 ‹lialeoticae
643 3013 772 3087 similem,
794 3033 877 3092 quarn
896 3017 944 3095 qui
957 3012 1127 3096 rhetoricae,
1152 3025 1225 3081 fate·

107 3151 113 3160 .
138 3099 301 3158 anturhanc
313 3105 407 3160 artem
450 3095 553 3160 Vemn'r
570 3104 600 3158 et
620 3104 726 3172 orator,
748 3101 855 3160 etiamsi
876 3121 955 3176 raro,
976 3125 1034 3164 non
1048 3113 1141 3166 tamen
1153 3127 1225 3166 uun-

97 3193 239 3261 38quam,
260 3183 390 3261 probabit
401 3184 551 3244 dialectice.
593 3181 669 3244 Nam
689 3189 718 3243 et
736 3181 914 3264 syllogismis,
936 3191 958 3248 si
975 3199 1142 3271 resposcet,
1164 3199 1226 3272 uta-

139 3276 198 3328 tur:
221 3274 251 3329 et
272 3273 347 3328 certe
361 3269 564 3348 enthymemate,
592 3271 640 3346 qui
658 3267 809 3330 rhetoricus
824 3279 865 3333 est
881 3271 1062 3352 syllogisnurs.
1096 3277 1226 3356 Denique

139 3354 349 3432 probationum,
372 3362 523 3432 queetsunt
539 3355 760 3435 potentissimae,
782 3357 945 3438 ypoppmal
960 3355 1130 3436 α’ποὸεἵξεις
1141 3363 1225 3439 vulgo

98 3447 131 3501 39
141 3437 283 3511 dicmrtur3
311 3441 378 3518 quid
390 3448 480 3500 autem
492 3442 583 3518 magis
594 3442 696 3512 oratio,
719 3461 802 3518 quam
814 3445 1009 3520 probationem
1022 3439 1028 3446 ’
1044 3447 1117 3507 etita
1142 3447 1225 3506 Falsa

141 3540 252 3600 quoque
269 3525 427 3586 verisimilia
440 3530 585 3604 geometria
598 3528 705 3586 ratione
723 3527 915 3605 deprehendit.
938 3537 941 3542 '
957 3531 1005 3590 Fit
1018 3469 1071 3592 loe
1084 3534 1112 3591 et
1124 3534 1153 3589 in
1173 3546 1225 3589 uu-

139 3609 220 3666 meris
239 3628 291 3686 per
303 3613 451 3692 quasdam,
474 3631 542 3690 quas
556 3611 789 3694 ψευδογραφίας
800 3621 916 3690 vocant,
938 3617 1036 3695 quibus
1055 3619 1136 3695 pueri
1146 3613 1224 3676 lude·

207 3792 282 3858 §aa
301 3795 474 3866 consentient]
487 3795 538 3848 sn
556 3791 645 3848 Guelf.
661 3793 743 3848 Goth.
757 3795 831 3851 Rodl.
850 3799 907 3853 nlo.
922 3799 1027 3870 Gryph.
1047 3797 1133 3854 (lolia.
1152 3798 1225 3854 Slch.

137 3861 263 3916 Obrecht.
280 3868 308 3916 ot
323 3863 406 3916 Codd.
426 3865 508 3934 Regg.
525 3863 609 3917 Paris.
626 3866 650 3916 1.
663 3865 689 3916 2
705 3865 731 3917 5.
757 3881 813 3917 curn
833 3864 874 3921 od.
893 3870 983 3940 caup.
999 3867 1093 3938 Spald.
1114 3885 1166 3922 non
1185 3870 1226 3922 lu·
1272 3909 1277 3918 .

80 3993 87 4008 ·
114 3975 116 3980 .
137 3929 285 4014 beatissimo
300 3949 358 3985 cun
371 3933 441 4002 vulg.
451 3935 622 3988 consentino·
640 3931 782 3986 Nobiscum
792 3935 873 3990 sentit
887 3937 965 3991 etiarn
975 3939 1054 3992 Klein
1070 3939 1096 3992 iu
1110 3939 1223 4026 Miscell.

137 3999 515 4140 critghgqqsbfflmm]
540 4087 579 4124 so.
598 4072 781 4141 probationes,
799 4053 865 4146 qula
884 4077 1100 4148 mmdoypapiae
1122 4079 1223 4130 vocant
1256 4127 1261 4134 ,
1281 4107 1285 4116 ,

137 4133 178 4185 ita
195 4137 276 4189 satius
291 4149 332 4193 est
343 4139 411 4210 apud
427 4140 518 4205 Quint.
536 4139 564 4194 in
579 4142 715 4196 verborum
726 4151 755 4200 ct
771 4145 976 4204 mundationum
994 4167 1061 4206 naxo
1080 4145 1224 4202 difficulta-
