2774 4444
49 202 63 234 „
115 174 222 282 sm
284 293 291 309 ⁹
379 164 380 169 '
453 169 1000 296 n,·.1·‚nn.uururmmru'¹
1061 234 1065 240 ·
1180 258 1186 268 ι

89 362 93 364 ’
158 368 220 428 sine
232 385 285 440 eo,
305 381 398 442 usque
410 361 524 436 enuntio
536 363 651 441 merit),
672 367 1084 446 utpronuaietioncnnuoqne
1099 357 1243 446 rel'plnfi.

48 461 57 480 ‘
133 464 241 520 7mura,
253 463 340 512 er'eo
360 449 481 511 mutuari
498 455 602 528 putem
648 449 732 518 Quod
751 451 804 532 hoc
821 451 953 510 audacius
968 453 1100 525 dixerim,
1122 456 1243 530 quadiu

128 549 132 554 ”
157 537 354 605 Partitionibus.
367 537 491 595 aaronis
505 533 543 594 ad
554 537 684 608 easdem,
705 535 742 594 de
754 535 854 612 quibus
867 538 1066 614 supradictum
1077 541 1138 613 cst,
1159 541 1241 617 quin·

127 682 130 690 ,
157 647 213 705 que
231 623 362 702 pervenit,
376 627 481 699 partes.
523 619 599 678 Nam
612 640 674 682 utrm
683 620 832 698 xdupliciter
845 623 1134 699 primumdivisisset,
1155 626 1186 684 in
1197 625 1241 684 iu-

155 711 315 772 ventionem
328 711 413 783 atque
425 705 621 768 elocutionem:
643 726 688 766 res
702 725 736 766 ac
747 707 957 784 dispositionem
968 697 1138 784 iurentio‘ni,
1155 711 1243 770 rerba

156 803 188 860 et
203 792 458 875 pronunciationem
478 789 631 850 domnoni-
646 791 739 850 dedit:
774 793 899 868 quintam
927 794 1089 868 coustituit,
1117 815 1240 858 commu·

156 901 239 954 nem,
259 898 292 938 ac
304 877 380 937 velut
392 875 536 937 custodem
547 877 682 949 omnium,
696 877 865 938 memoriam.
898 877 975 936 Idem
988 879 1018 939 iu
1031 879 1146 938 0111111
1157 882 1239 957 qiu'n-

157 984 212 1045 que
224 965 307 1026 rebus
323 968 451 1022 constare
461 960 649 1037 ¹eloquentiam
663 962 744 1020 dicit:
771 963 911 1038 inquibus
930 970 1029 1042 postea
1049 966 1157 1044 scriptis
1177 985 1239 1028 oer-

131 1054 214 1114 8tior.
230 1051 289 1113 eins
308 1047 447 1118 sententis
465 1052 518 1106 est.
560 1046 629 1118 Non
642 1048 732 1106 minus
746 1048 812 1107 mihi
825 1049 919 1130 cupidi
929 1050 1060 1110 norhatir
1069 1049 1183 1110 'alicuius
1195 1051 1238 1112 vi-

52 1185 56 1192 .
154 1139 256 1200 dentur
269 1135 372 1206 misse,
393 1133 442 1208 qui
458 1131 620 1218 adiecerunt
634 1132 765 1206 ordinem,
788 1153 849 1192 cum
864 1134 1075 1211 dispositionem
1089 1137 1240 1199 dixissent:

153 1223 236 1300 qnasi,
251 1219 327 1278 aliud
346 1219 381 1276 sit
397 1218 562 1296 dispositio,
583 1237 667 1294 quam
687 1235 777 1276 rerum
798 1218 896 1278 ordine
908 1238 991 1295 quam
1003 1222 1108 1300 optimo
1122 1221 1240 1280 colloca-

93 1307 98 1316 ’
152 1311 204 1368 tio.
233 1305 309 1365 Dion
321 1304 509 1362 inventionem
520 1304 604 1361 modo
617 1309 647 1362 et
660 1304 871 1381 dispositionem
883 1305 1012 1378 tradidit,
1028 1307 1080 1366 sed
1092 1313 1239 1384 utramque

153 1391 305 1471 duplicem,
324 1407 431 1466 rerum,
454 1406 487 1446 ac
501 1389 661 1462 rerbourm,
682 1395 714 1448 ut
729 1391 767 1450 sit
780 1388 898 1470 elocutio
911 1391 1094 1465 inventionis,
1116 1411 1239 1471 monum
1379 1423 1380 1432 κ

153 1479 238 1540 ciatio
253 1475 459 1554 dispositionis:
480 1473 898 1552 hisquiuta,pars,÷memoria,
917 1477 1043 1540 ¹succedat.
1077 1476 1240 1538 Theodorei
1301 1549 1306 1558 Ι
1379 1525 1380 1540 ,

126 1555 213 1628 'tere
230 1561 418 1626 inventionem
437 1558 590 1637 duplicem,
618 1577 720 1634 reram,
749 1565 835 1637 atque
856 1560 1026 1634 elocutionis,
1055 1562 1157 1622 deinde
1180 1568 1240 1624 tres

127 1656 260 1715 eceterae
271 1653 375 1726 partes.
410 1645 616 1722 Hermagoras,
632 1646 778 1718 iudicium,
793 1646 1138 1724 partitionem,.ordinem,
1153 1663 1239 1724 quae·

51 1777 56 1800 .
154 1755 210 1814 que
221 1732 382 1793 elocutionis
395 1736 475 1802 suut,
498 1731 608 1792 subiicit
617 1734 794 1802 oeconomiae,
815 1747 905 1806 quae,
927 1731 1037 1802 Graeca
1051 1731 1191 1811 appellata
1203 1751 1238 1794 ex

35 1859 37 1864 ·
124 1825 127 1834 '
153 1839 220 1882 cura
236 1836 328 1878 remm
347 1816 559 1876 domesticarum
578 1821 608 1874 et
624 1815 669 1875 hic
678 1834 732 1898 per
747 1816 909 1876 abusionem
923 1818 1031 1898 posita,
1053 1819 1165 1879 nomine
1179 1817 1237 1879 La·
1246 1827 1298 1874 aas

82 1923 95 1936 “
153 1907 214 1968 tino
234 1909 318 1964 caret.
997 1933 1001 1945 ,
1149 1941 1165 1954 s«

111 2007 146 2060 10
237 1989 292 2050 Est
312 1994 341 2047 et
362 1989 436 2048 circe
450 1986 506 2048 hoc
521 1987 664 2066 quaestio,
686 1987 763 2064 quod
781 1989 933 2048 neronum
954 1990 984 2050 iu
1004 1991 1102 2058 ordine
1116 1992 1238 2070 partium

152 2076 265 2156 quidam
284 2076 447 2148 incertiora,
469 2075 582 2150 quidam
601 2073 769 2152 dispositioni
787 2074 999 2134 subiuuxeruut:
1019 2077 1102 2138 nobis
1121 2083 1237 2155 quartos
1310 2149 1314 2156 Α

151 2164 210 2224 eius
222 2161 299 2222 locus
314 2161 432 2223 maxime
445 2159 548 2236 placet.
578 2159 650 2230 ‚Nou
663 2160 737 2220 enim
748 2160 862 2219 iuventa
875 2165 985 2228 tentum
997 2161 1111 2234 tenuis,
1132 2168 1165 2221 ut
1180 2163 1238 2220 dis·

78 2261 84 2268 ’
150 2265 301 2328 ponamus,
322 2261 374 2304 nec
386 2245 521 2323 disposita
531 2251 564 2320 ut
579 2245 755 2322 eloquemur,
775 2246 827 2302 sed
845 2246 930 2326 etiam
942 2245 1031 2305 uerbis
1044 2248 1165 2308 formata
1177 2267 1238 2308 me-

104 2395 110 2404 ,
150 2334 257 2394 moriae
266 2332 398 2390 mandare
413 2328 555 2402 debemus,
597 2330 660 2392 Hac
674 2331 747 2390 cuim
761 2329 869 2406 omnia,
891 2349 1073 2410 quaecunque
1090 2334 1120 2392 iu
1134 2334 1237 2394 oraha·

150 2416 418 2486 semronitarum,
440 2417 626 2474 continentum.
825 2467 827 2472 ,
1117 2479 1120 2484 Ι

109 2509 141 2564 11
235 2503 363 2562 Fuerunt
378 2499 511 2559 erism'in
524 2499 718 2578 hac-opinione
734 2507 791 2558 noh
803 2499 901 2578 pauci,
920 2499 1016 2559 ut'lras
1032 2519 1091 2562 nou
1105 2499 1236 2562 Rhetori-

151 2607 193 2667 ces
211 2595 307 2670 partes
329 2605 391 2648 esse
404 2586 615 2658 existimarent,
640 2587 690 2644 sed
704 2591 790 2666 opera
801 2587 934 2644 oratoris:
956 2585 1015 2645 eius
1031 2590 1104 2646 enim
1118 2607 1180 2648 esse
1192 2589 1237 2647 in··

149 2677 260 2747 venire,
281 2674 446 2753 disponere,
468 2671 578 2748 eloqui,
600 2675 629 2730 et
643 2676 742 2730 cetera.
776 2671 861 2738 Quod
878 2672 902 2729 si
915 2671 1080 2750 accipimus,
1101 2667 1168 2734 nihil
1180 2673 1236 2734 arti

109 2761 343 2838 lirclinquemus.
368 2757 460 2819 :Nam
479 2759 550 2820 bene
571 2757 664 2818 dicem
681 2763 727 2817 est
749 2756 881 2829 oratoris3
902 2756 1052 2818 rhetorices
1076 2765 1171 2821 tamen
1193 2764 1237 2818 est

64 2840 68 2848 ’
151 2846 352 2906 benedicendi
372 2844 502 2904 scientia:
515 2852 518 2856 “
530 2842 594 2914 vel,
611 2848 643 2901 at
663 2841 708 2900 alii
727 2848 844 2919 putant,
865 2842 979 2920 artificis
994 2849 1040 2901 est
1051 2845 1239 2922 persuaderes

120 2959 122 2962 ·
149 2931 191 2990 vis
203 2937 297 2989 autem
311 2929 517 3010 persuadendi,
533 2929 610 2986 artis.
644 2927 689 2985 lta
702 2929 820 2986 inaurire
833 2927 946 3004 quidem
958 2933 987 2986 et
1001 2927 1151 3008 disponere,
1173 2947 1239 2988 ora-

151 3017 238 3087 toris3
258 3017 374 3073 inanitio
391 3008 485 3076 autem
504 3019 534 3075 et
553 3011 706 3090 dispositio,
726 3011 878 3071 rhetorices
898 3013 1011 3092 propria
1032 3015 1121 3074 rideri
1131 3017 1238 3093 potest.

110 3099 185 3165 1³1u
203 3120 238 3162 eo
256 3098 349 3178 plures
367 3091 572 3170 dissememnt,
594 3103 722 3158 utrumne
732 3097 785 3158 hac
794 3103 887 3174 partes
901 3103 996 3156 essent
1009 3099 1175 3172 rhetorices,
1196 3117 1237 3158 an

45 3203 48 3208 ·
151 3186 276 3249 eiumem
302 3203 395 3264 operm
424 3201 476 3255 an,
503 3189 536 3242 ut
557 3181 716 3242 Athenaeus
736 3183 840 3256 credit,
868 3181 1010 3258 demmin,
1039 3189 1238 3262 qnae'rocant

151 3275 289 3352 στοιχεῖα.
332 3270 393 3329 Sed
409 3263 506 3345 neque'
523 3267 649 3327 dumento
670 3274 749 3328 recte
767 3270 829 3348 quis
852 3269 979 3341 diuerit3'
997 3267 1113 3348 alioqui
1125 3276 1239 3332 tantum'

150 3359 231 3419 initis
247 3354 343 3429 enmt,
363 3361 396 3420 ut
413 3353 508 3418 mundi
529 3353 573 3417 rel
592 3354 707 3428 humor,
729 3353 773 3414 rel
790 3353 879 3432 ignis,
900 3352 945 3414 vel
956 3355 1098 3446 materia,
1111 3355 1156 3416 vel
1172 3373 1235 3418 cor·
1253 3409 1257 3416 .

220 3526 273 3592 Si.
290 3524 478 3582 Portitiom'lru
491 3525 633 3592 munna]
651 3541 673 3578 u
690 3525 715 3590 1,
732 3523 758 3580 3.
775 3540 798 3577 o.
812 3523 839 3588 3,
854 3523 881 3578 8.
899 3539 922 3576 c
936 3521 980 3587 87,
998 3520 1042 3578 58.
1062 3521 1139 3578 Orat.
1153 3539 1175 3576 u
1190 3522 1232 3577 15.

220 3593 275 3661 §Z
293 3595 411 3663 1111111111
423 3595 576 3663 constitnit]
599 3593 646 3648 Sic
664 3611 730 3648 auus
742 3592 838 3677 optime
851 3592 949 3658 (iuuit,
965 3609 1021 3646 cum
1035 3591 1115 3661 vulgo
1135 3591 1232 3646 editum

151 3661 188 3720 sn
198 3665 366 3734 quintumque
378 3671 468 3729 ornet,
491 3663 519 3718 in
535 3663 599 3717 Mss.
621 3681 684 3718 vero
698 3665 789 3718 Turro.
808 3661 883 3724 Bodl.
895 3661 985 3718 Almel.
998 3661 1057 3714 RR-
1074 3665 1098 3717 1.
1112 3663 1174 3719 25·
1188 3661 1232 3724 ed.
1295 3713 1302 3726 ,
1379 3705 1380 3718 s

152 3735 243 3803 erup.
269 3737 296 3786 et
315 3733 446 3804 plerisque
471 3739 535 3786 vett.
555 3733 614 3786 edd.
638 3731 783 3788 inveniatur
803 3729 1136 3802 ptoranpooqoe'comt.
1162 3729 1233 3800 quod

150 3809 287 3873 utrumque
307 3800 561 3874 interpretamentum
576 3802 609 3857 ad
628 3804 708 3856 rerba
720 3803 794 3856 dedit
805 3808 832 3854 et
845 3801 981 3855 constituit
999 3801 1127 3855 nmmuda
1139 3798 1244 3854 misam

150 3872 282 3929 inventum
293 3867 348 3927 'est
382 3871 451 3926 Nuus
470 3870 568 3924 numeri
584 3887 674 3924 vocam
694 3873 811 3940 minuens
824 3870 942 3938 graviter
964 3870 1002 3922 sic
1017 3869 1099 3938 primo
1112 3870 1169 3924 loco
1184 3885 1234 3939 po-

152 3943 213 4004 suit,
231 3948 261 3994 ut
274 3959 325 3995 non
339 3939 504 4010 opuscopula
517 3945 596 4004 must,
609 3935 761 4010 praesertim
773 3955 830 3992 cun
843 3937 1027 4006 praecessisset
1038 3940 1075 3991 ud
1088 3941 1191 3994 eusdem
1201 3965 1236 3978 -

152 4011 262 4076 quinqua
278 4019 376 4132 prpter.
412 4007 487 4072 Quae
505 4005 529 4060 si
542 4023 592 4060 uon
604 4008 765 4077 legerentur,
783 4009 900 4076 quoram
920 4025 1019 4077 qnoque
1036 4007 1237 4077 praeferendum

153 4086 225 4130 esset
235 4082 292 4140 uti
933 4125 936 4134 .

222 4147 278 4210 Si.
295 4148 323 4200 in
338 4145 466 4212 Orutme]
484 4143 605 4214 intellige
617 4143 650 4202 de
662 4146 738 4202 Orat.
758 4145 781 4210 l,
797 4147 840 4203 31.
