2738 4442
223 125 286 162 '⁴
389 104 993 230 ru-su.onnronurn.vr,s.‘
1174 155 1236 218 sor

39 324 43 333 ¹
101 305 333 377 tsrtmdixisset,
351 303 564 382 respondendo,
587 285 728 398 Nanasid
743 321 807 379 ergo
825 302 892 362 illuc
904 279 1020 362 mesdei
1062 303 1109 363 Sic
1121 301 1238 363 eludrtur
1307 262 1315 286 .

159 396 189 450 et
209 389 353 448 ridiculum
370 387 501 459 ridiculo;
522 393 555 445 ut
574 387 652 446 dirus
666 387 823 464 Angcatus,
845 407 911 447 curn
921 389 948 447 ei
961 387 1036 446 Galli
1044 394 1173 467 torquem
1188 408 1238 450 au·
1284 405 1292 418 ‘

158 493 235 534 reum
249 481 360 534 centum
370 473 464 554 pondo
475 473 627 544 dedissent,
647 478 676 531 et
690 472 835 532 Dolabella
848 491 899 552 per
910 473 1010 545 iocum,
1023 479 1134 533 tentans
1145 482 1281 536 remenso
1336 477 1342 484 '

157 559 265 621 nurui
276 562 421 631 eventum,
441 556 564 629 dixisset,
584 553 746 634 Imperator,
768 562 859 634 torque
873 565 913 616 sie
926 557 1011 628 dara·
1030 557 1119 632 Muto,
1139 560 1239 636 inquit,

142 643 429 702 1tecicc'cofdonure:
450 641 623 700 mendacium
646 659 759 718 quoqne
772 642 931 713 mendacio,
952 647 985 700 ut
998 643 1107 717 Galba,
1129 644 1239 703 dicente

159 725 296 804 quodam,
317 730 458 786 victoriato
475 744 502 782 se
519 745 571 812 unc
588 728 617 784 in
633 725 735 784 Sicilia
754 729 868 804 quiaque
884 726 963 804 pedes
974 726 1083 804 longara
1104 745 1239 788 marcar
1303 783 1306 792 ,

158 815 265 881 enirm
288 810 383 884 Nure,
405 812 509 886 chrit,
527 812 639 879 sairam
661 829 725 869 narr
745 811 786 869 ibi
802 817 856 870 tarr
871 811 1139 887 longaeamcuntur,
1159 813 1239 872 retiis
1313 861 1325 870 .

154 899 301 974 piscatores
317 916 367 976 pro
383 896 496 954 restitus
511 899 631 954 utantur.
675 896 823 954 Contraria
836 902 880 955 est
891 896 1007 972 neganti
1018 897 1190 974 confessioni
1202 897 1279 959 st-ar

158 982 287 1054 mulatio,
308 983 358 1040 sed
370 982 558 1060 ipsu·quoqne
569 979 685 1039 multum
702 979 788 1038 babet
802 981 973 1040 urbanitatis.
1015 983 1063 1040 Sic
1076 981 1159 1055 Ater,
1178 999 1240 1042 cum

158 1071 256 1142 ageret
274 1072 372 1126 eontra
392 1065 520 1124 libertum
534 1063 645 1124 Claudii
659 1064 803 1137 Caesaris,
825 1070 856 1123 et
871 1083 908 1123 ex
925 1066 1033 1125 diverso
1047 1065 1161 1142 quidam
1175 1083 1241 1125 con·

158 1149 284 1210 ditionis
297 1151 435 1222 eiusdem,
463 1148 539 1207 euius
569 1154 631 1208 erat
652 1147 793 1224 litigator,
822 1148 1015 1223 exclamasset,
1046 1149 1189 1210 Praelata
1209 1153 1242 1208 tu

158 1245 256 1312 anper
274 1239 304 1294 isc
318 1235 425 1292 libertus
439 1233 562 1292 Caesaris
578 1232 668 1292 deret
711 1231 770 1292 Nec
783 1231 942 1307 euacua,
970 1235 1076 1312 iuquit,
1097 1234 1242 1313 quidquam
1254 1221 1276 1280 ·’

156 1321 276 1398 proficio.
319 1320 373 1377 Cui
390 1319 507 1376 vicinum
528 1321 586 1390 est,
606 1335 659 1374 non
674 1335 787 1392 amare,
816 1319 893 1393 quod
910 1319 1051 1393 obiicitur,
1080 1337 1141 1378 cum
1159 1324 1188 1378 et
1210 1315 1243 1377 id

102 1403 252 1484 rtspnlsm
262 1401 360 1462 falsum
375 1409 433 1474 est,
453 1405 484 1460 et
496 1401 564 1460 inde
575 1400 691 1460 materia
701 1402 775 1460 bene
788 1401 975 1479 respondendi
989 1403 1085 1465 datin:
1107 1410 1138 1462 ut
1152 1403 1241 1462 catu-

157 1485 205 1547 -lus
216 1486 473 1565 dicentil’lrilippo,
495 1483 572 1550 Quid
584 1484 695 1543 labari
723 1483 827 1543 Furem
842 1483 936 1559 uideo,
954 1487 1055 1562 inqrrit.
1097 1481 1133 1544 In
1149 1506 1178 1544 se
1198 1485 1284 1554 rii-82

160 1583 233 1647 ce're,
254 1589 312 1632 non
324 1578 367 1632 est
379 1573 438 1630 lere
452 1571 505 1630 uisi
517 1587 686 1643 murram,
706 1575 736 1628 et
744 1569 775 1627 in
787 1575 897 1628 oratore
909 1569 1005 1646 utique
1017 1571 1130 1630 minime
1140 1571 1242 1648 proba·

155 1656 232 1718 bile:
253 1658 331 1733 quod
343 1655 403 1716 fleri
414 1655 534 1715 totidem
546 1653 655 1726 modis,
675 1659 746 1731 quot
760 1654 789 1712 in
801 1654 869 1713 alius
876 1695 885 1725 ,
906 1658 1011 1732 potest.
1044 1653 1168 1731 ldeo'que
1179 1655 1242 1728 hoe,

154 1742 285 1818 -qooncis
302 1742 434 1817 frequens
453 1739 506 1812 sit,
532 1743 654 1798 immeo.
696 1737 767 1798 lllnd
778 1749 780 1754 '
793 1754 873 1810 vern,
901 1739 1010 1798 etiamsi
1026 1738 1168 1798 rid‘mrlum
1189 1744 1285 1815 estas

154 1825 306 1902 iudignum
317 1831 412 1884 tamen
423 1824 535 1884 homine
546 1822 699 1896 tolerabili,
722 1823 799 1899 qnod
817 1829 866 1881 aut
884 1823 1017 1900 turpiter,
1038 1830 1088 1882 sut
1104 1825 1242 1906 impotem·

160 1917 206 1970 ter
217 1911 330 1970 dicitur:
352 1909 429 1986 quod
447 1909 544 1968 fedsse
562 1910 701 1983 quendam
719 1909 792 1977 scio,
812 1907 1023 1982 quihumiliori‚
1044 1907 1130 1968 libere
1143 1910 1243 1968 adrer-
1284 1973 1287 1980 ,

160 2013 207 2056 tus
220 2015 252 2054 se
262 1995 404 2072 loquenti,
427 1992 582 2068 Odeum,
601 1993 709 2066 inquit,
732 1989 905 2063 tibiducam,
926 1990 1106 2066 etfornulusa
1118 1993 1242 2068 ccrr'bara,

162 2079 232 2157 quod
249 2084 330 2156 onput
347 2075 441 2135 durant
461 2075 567 2132 lukas.
609 2075 665 2133 Hic
677 2075 751 2134 euim
763 2075 879 2133 dubium
893 2080 952 2148 est,
972 2080 1067 2134 utrum
1085 2077 1242 2140 rideretur·

162 2163 288 2235 diates,
308 2179 345 2220 an
359 2160 498 2236 indignanti
509 2159 663 2220 debuerint.
1166 2213 1168 2218 ,

247 2265 381 2342 Superest
394 2277 482 2338 genus
494 2259 642 2339 decipiendi
653 2263 812 2339 opinionem,
835 2267 884 2321 ant
899 2263 972 2322 diota
990 2261 1072 2322 aliter
1081 2253 1241 2340 iutelligen·
1251 2265 1286 2325 84
1352 2259 1353 2266 ¹

118 2413 125 2422 ,
161 2350 209 2425 di,
229 2353 379 2426 quaesunt
395 2346 425 2403 in
444 2348 519 2405 omni
535 2348 713 2405 bacmateria
724 2346 767 2406 vel
781 2347 982 2409 venustissima.
1023 2347 1201 2426 Inopinatrnn
1216 2353 1245 2407 et

108 2457 113 2468 ¹
161 2453 181 2492 n
194 2433 347 2492 lacessente
358 2432 425 2511 poni
436 2431 525 2491 solet:
544 2431 625 2508 quale
635 2437 692 2502 est,
714 2433 790 2508 quod
804 2434 876 2492 seret
889 2432 1005 2506 Cicero,
1027 2431 1104 2498 Quid
1120 2433 1182 2491 laic
1194 2433 1243 2490 ab·

105 2537 154 2583 est
163 2524 227 2593 est,
237 2520 294 2576 nisi
311 2535 355 2575 res
372 2521 399 2574 et
413 2517 519 2575 aduc?
539 2521 590 2574 aut
604 2517 671 2574 illud
684 2518 758 2588 Afri,
779 2515 867 2574 Horno
881 2520 909 2573 in
924 2515 1037 2592 agendis
1050 2520 1138 2575 musis
1150 2520 1245 2594 optim

163 2605 292 2663 entitas:
314 2607 345 2660 et
363 2602 393 2657 in
413 2601 596 2682 occurrendo,
621 2605 653 2657 nt
668 2601 783 2672 Cicero,
812 2601 908 2658 andita
927 2600 997 2658 tblsu
1018 2601 1121 2659 Vatinii
1142 2606 1244 2673 morte,
1352 2637 1353 2646 κ

163 2707 225 2748 oum
247 2685 377 2744 Ouinium
391 2682 519 2744 libertum
542 2685 835 2759 eiusinterrognsset,
856 2681 972 2743 Rectene
995 2685 1102 2744 omnia?
1131 2686 1245 2759 dicenti,

163 2771 263 2838 Recte,
286 2767 412 2827 Mortuus
424 2769 494 2826 esti'
507 2769 605 2843 inquit.
646 2768 782 2826 Plurimus
795 2774 886 2827 autem
905 2769 977 2828 circa
995 2769 1196 2828 simulationem
1213 2773 1286 2830 etas

164 2853 406 2916 dissimulationem
423 2855 495 2911 risus
514 2857 572 2924 est,
593 2871 666 2928 qnae
685 2859 751 2910 suut
767 2853 872 2925 vicina,
894 2859 924 2911 et
943 2855 1032 2933 prope
1053 2855 1165 2925 mdem3
1192 2853 1245 2912 sed

159 2933 301 3000 'dmulutia
319 2943 378 3011 est,
404 2945 506 2996 certum
532 2937 691 3014 opinionem
715 2937 799 2995 animi
819 2937 862 2994 sui
880 2938 1029 2997 imitantis:
1057 2935 1244 3010 dissimulatio,

164 3026 255 3087 aliena
266 3043 297 3084 se
309 3039 408 3102 parum
423 3022 576 3098 intelligere
589 3021 727 3097 ringentis.
770 3020 913 3079 Simulavit
931 3019 1014 3098 Ater,
1035 3043 1096 3082 cum
1114 3025 1145 3081 in
1162 3041 1245 3082 eausa

165 3110 280 3170 subinde
292 3107 464 3181 dicentibus,
486 3104 617 3166 &tandm
637 3105 669 3162 de
682 3123 711 3164 re
724 3109 891 3182 cognouisse5
911 3123 984 3182 quae
1004 3114 1065 3167 erat
1084 3114 1184 3186 potens
1202 3109 1245 3165 fe·

165 3193 254 3253 runs:
277 3193 349 3259 Quis
363 3197 419 3266 est,
439 3193 546 3270 inquit,
569 3191 640 3250 irtel
661 3190 800 3249 Celsinam
810 3191 884 3248 enim
897 3191 983 3250 rideri
993 3191 1045 3250 sibi
1056 3193 1144 3249 virum
1154 3191 1243 3250 finxit.

165 3276 354 3338 Dissimulavit
370 3277 486 3348 Cioero,
507 3295 569 3335 cum
581 3275 646 3334 Sex.
659 3274 773 3334 Annalis
791 3275 874 3333 testis
895 3291 972 3333 reum
990 3275 1130 3348 laesisset,
1150 3280 1182 3334 et
1201 3277 1244 3334 in·
1252 3281 1287 3336 86

166 3365 254 3422 staret
281 3361 434 3419 identidem
457 3365 599 3420 accusator
617 3363 659 3432 ei,
687 3359 758 3432 Dic,
785 3357 830 3418 Μ.
852 3357 943 3431 Tulli,
970 3359 1099 3437 numquid
1115 3366 1190 3438 potes
1213 3357 1247 3419 dc'
1326 3398 1330 3408 =

169 3445 254 3508 Sexto
264 3443 386 3504 Arrcti?
405 3463 500 3504 rersrn
510 3445 584 3504 enim
596 3445 688 3504 dicere
700 3443 792 3522 coepit
804 3445 840 3502 de
852 3443 921 3502 libro
932 3443 1017 3502 Ennii
1029 3444 1121 3503 annali
1134 3449 1223 3518 sexto,

253 3563 325 3632 Qua
341 3566 414 3642 potis
434 3565 550 3639 ingentis
571 3551 669 3621 causas
689 3561 805 3620 euoluere
824 3560 919 3622 tellis

169 3681 225 3744 cu
239 3682 299 3742 sne
315 3682 405 3742 auaro
422 3639 672 3757 muranum
691 3682 743 3739 aa
756 3682 928 3740 santones
939 3643 1121 3758 margum
1142 3686 1174 3739 u
1189 3681 1245 3738 aa·
1253 3686 1287 3743 sc

110 3765 278 3837 triscellio,
298 3768 347 3843 qni
360 3765 510 3826 consultori
528 3764 647 3838 dicenti,
668 3763 773 3824 Nauem
786 3765 904 3824 diuellere
916 3765 989 3834 oolo‚·
1012 3763 1125 3838 Perdes,
1146 3765 1246 3842 inquit.

169 3851 229 3909 Sed
249 3851 337 3908 averti
350 3848 502 3911 intellectus
516 3855 546 3910 et
558 3849 640 3910 aliter
649 3849 736 3926 solet,
757 3869 818 3908 arm
838 3850 873 3908 ab
890 3851 1075 3928 asperioribus
1092 3851 1129 3909 ad
1141 3848 1247 3908 leuiora

168 3935 340 3994 deflectitur:
360 3940 410 4008 ut,
432 3937 481 4012 qui
497 3936 702 4010 iuterrogatus,
721 3935 789 4011 quid
806 3935 920 3995 sentiret
937 3936 973 3994 de
993 3955 1043 4007 eo,
1065 3935 1153 4014 quiin
1167 3932 1246 3992 aclul-

168 4019 240 4078 torio
253 4017 439 4098 deprehensus
462 4025 551 4094 esset,
575 4017 694 4080 Tordan
709 4019 799 4098 sur'rse
814 4019 968 4100 respondit.
1009 4017 1046 4078 Ei
1066 4017 1175 4092 confine
1193 4023 1286 4092 estdt
