2774 4444
286 242 288 250 v
406 187 1041 330 uusrtannotaturum.¹
1138 187 1335 308 ”rurs

155 385 313 460 mortariis,
335 385 415 460 (nem
428 383 471 443 bis
484 377 603 445 eundem
615 385 765 462 defendit)
775 377 961 465 prosopopoeia
971 385 1114 466 loquentis
1122 404 1175 466 pro
1187 403 1235 447 reo
1280 441 1283 449 .

104 471 112 544 ’Ἴ
154 472 257 542 utitcn3
277 489 330 550 pro
345 470 459 529 Rabirio
476 490 543 530 vero
558 471 710 544 Postumo,
732 473 885 548 eodemque
907 473 1011 539 Scauro
1032 471 1081 531 reo
1103 476 1235 550 repetun-

155 557 267 629 damn,
290 557 374 615 etiam
391 555 531 633 exemplis,
552 573 603 634 pro
618 556 763 629 Cluentio,
784 561 816 614 ut
833 558 917 615 modo
937 559 1062 630 ostendi,
1080 559 1234 636 partitione.
1328 576 1331 584 ’

154 639 223 702 Νοιι
235 646 330 700 tamen
340 639 426 714 haec,
448 643 513 718 quia
524 646 641 721 possunt
652 641 724 700 hene
736 639 886 716 aliquando
899 641 972 715 fieri,
993 643 1094 720 passim
1106 634 1278 702 iacienduio
1315 651 1318 654 ·

155 732 237 797 mut,
258 727 309 785 sed
321 726 431 802 quoties
440 733 617 804 praeceptum
638 726 734 786 vicerit
745 727 829 784 ratio:
851 729 992 802 quomodo
1006 734 1035 786 et
1048 721 1235 800 similitudine,

127 826 132 835 ·
156 813 222 871 dum
237 811 328 885 brevi,
350 816 380 872 et
392 811 589 882 translatione,
611 816 697 888 atque
716 809 774 869 aliis
791 812 879 889 tropis
899 810 986 888 (quae
1001 813 1095 870 omnia
1111 813 1184 872 cauti
1198 809 1236 870 illi

155 913 189 955 ac
205 896 350 975 diligentes
365 895 527 974 prohibent)
549 903 657 956 utemur
673 895 800 955 interim:
820 896 873 954 nisi
893 897 916 954 si
938 898 982 955 chi
1000 897 1094 972 divina
1114 895 1160 956 illa
1183 915 1236 974 pro

153 977 269 1058 Ligario
283 982 387 1053 ironia,
409 981 446 1039 de
457 999 513 1058 qua
526 981 610 1060 paulo
620 986 686 1041 aute
700 981 839 1054 dixeram,
864 981 996 1060 displicet
1030 980 1093 1040 Alia
1110 976 1281 1040 cumdio-71*
1378 1049 1379 1054 η

155 1080 216 1124 rum
238 1067 305 1125 vitia
326 1067 415 1126 verius
437 1067 619 1126 tradidenmt
663 1066 748 1136 Quod
763 1066 793 1124 in
812 1064 1018 1144 plures‘causas
1037 1065 1238 1134 accommodari

155 1157 266 1230 potest,
286 1150 523 1228 vulgaredicitur3
544 1153 589 1227 id,
611 1153 698 1210 minus
712 1150 879 1223 favorabile,
901 1150 1051 1228 aliquando
1065 1157 1160 1213 tamen
1179 1169 1237 1208 nou

99 1237 290 1320 atqiuutiliter
311 1238 490 1310 assumimus,
511 1239 619 1314 magnis
632 1256 716 1316 saepe
729 1237 883 1294 oratoribus
895 1256 952 1294 non
966 1237 1112 1295 evitatum:
1134 1255 1191 1312 quo
1207 1240 1238 1294 et

155 1321 328 1381 adversarius
342 1322 384 1380 uti
396 1327 500 1398 potest,
515 1341 645 1380 conrnune
656 1320 823 1400 appellatur:
845 1323 921 1398 quod
934 1322 1104 1384 adversarius
1117 1321 1238 1380 insuam

66 1453 69 1458 ,
155 1406 302 1465 utilitatem
317 1407 466 1464 deflectere
480 1411 589 1485 potest,
606 1405 801 1464 commutabile:
823 1407 900 1481 quod
917 1425 1085 1465 causaenon
1096 1406 1237 1478 cohaeret,

108 1527 111 1534 ·
154 1497 323 1569 mactum:
345 1490 422 1567 quod
440 1491 550 1551 aliunde
568 1491 701 1565 trahitur,
721 1489 898 1548 translatum:
918 1496 1062 1568 praeterea
1079 1491 1157 1568 quod
1177 1489 1236 1548 lon·
1322 1539 1329 1546 .
1378 1533 1379 1542 ,

61 1649 65 1658 ¹
133 1593 139 1603 ’
155 1593 230 1653 gom,
244 1577 321 1653 quod
331 1581 423 1634 corbo
430 1583 573 1656 praecepta
591 1581 649 1636 est:
670 1595 786 1654 quorum
795 1573 930 1666 pleraque
942 1593 1000 1656 non
1011 1575 1140 1656 principii
1152 1575 1236 1634 modo
1336 1568 1338 1572 ’

155 1669 222 1722 sunt
230 1663 314 1735 vitia,
336 1662 386 1722 sed
398 1663 485 1720 totius
496 1663 638 1722 orationis.

220 1765 225 1770 ·
241 1745 320 1806 Haec
330 1747 368 1806 de
374 1751 516 1825 prooauio,
529 1749 638 1825 quoties
650 1747 703 1806 erit
714 1746 773 1806 eius
782 1765 862 1805 usus:
879 1765 937 1805 non
950 1764 1060 1826 semper
1072 1743 1165 1806 autem
1179 1749 1280 1819 est372

155 1849 220 1892 nam
235 1838 263 1894 et
276 1851 473 1910 supervacuum
484 1833 633 1911 aliquando
649 1840 708 1906 est,
727 1837 775 1905 ut,
797 1833 820 1890 si
834 1833 872 1891 sit
883 1838 1064 1912 praeparatus
1076 1833 1142 1892 sabe
1155 1832 1240 1890 etiam

156 1919 217 1976 sine
231 1917 284 1976 hoc
294 1918 390 1990 iudex,
414 1925 465 1978 aut
479 1921 504 1978 si
522 1939 566 1979 res
586 1918 801 1996 praeparatione
814 1937 871 1976 nou
886 1923 960 1994 eget.
1004 1916 1167 1977 Aristoteles
1177 1917 1240 1994 qui-

156 2003 221 2062 dem
238 2005 268 2061 in
286 2007 376 2061 totum
397 2005 428 2062 id
445 1999 628 2064 necessarium
640 2003 717 2081 apud
731 2001 821 2060 bonos
832 2002 935 2062 iudices
947 2009 1040 2079 negat.
1083 2000 1240 2079 Aliquando

41 2089 45 2097 '
155 2093 251 2148 tamen
270 2089 321 2161 uti,
348 2107 401 2146 uec
418 2090 442 2146 si
461 2089 590 2160 velimus,
612 2107 647 2148 eo
657 2087 739 2160 licet,
760 2105 823 2146 cum
835 2087 918 2146 iudex
931 2091 1094 2164 occupatus,
1115 2106 1176 2144 orm
1189 2104 1240 2144 an-

86 2183 88 2188 '
156 2179 240 2250 gusta
260 2174 326 2230 sunt
338 2177 479 2250 tempora,
501 2193 563 2232 cum
582 2173 671 2232 maior
689 2176 814 2249 potestas
832 2172 867 2230 ab
882 2172 943 2250 ipsa
960 2191 992 2231 re
1011 2172 1089 2248 cogit
1108 2171 1238 2249 incipere.

157 2258 320 2334 Contraque
332 2261 374 2314 est
386 2257 497 2316 interim
508 2251 645 2336 prooemii
656 2255 699 2314 vis
712 2258 795 2315 etima
809 2274 867 2314 nou
881 2258 1005 2316 exordio.
1036 2254 1237 2330 Nam'iudices,
1246 2259 1281 2315 73

9 2409 14 2414 ,
157 2348 188 2402 et
199 2343 229 2399 iu
241 2341 400 2400 narratione
412 2361 626 2420 nonnunquam,
648 2346 679 2401 et
689 2343 718 2399 in
734 2343 920 2418 argumentis,
940 2348 973 2400 ut
984 2341 1145 2414 attendant,
1166 2347 1195 2400 et
1207 2347 1240 2400 ut

68 2423 79 2432 “
110 2482 114 2488 ,
156 2429 281 2501 iarearrt,
301 2439 445 2503 rogamus:
467 2449 522 2506 quo
539 2427 672 2487 Prodicus
690 2425 767 2485 velut
779 2427 959 2486 dormitantes
973 2447 1020 2506 eos
1034 2427 1146 2487 excitari
1154 2418 1250 2504 puta(

102 2563 115 2576 .
156 2512 220 2585 hst3
242 2511 324 2589 quale
336 2518 392 2588 est,
418 2511 488 2574 Tum
502 2513 531 2574 C.
549 2511 681 2585 Vorenus,
702 2513 727 2569 is
741 2512 789 2590 'qui
799 2533 817 2570 o
824 2511 939 2590 familia
951 2511 1125 2570 ambariaco
1137 2509 1281 2590 cedrosti

99 2601 223 2658 atteri.¹
249 2597 340 2672 (Hoc,
363 2617 475 2676 quaeso,
496 2598 613 2672 iudicer,
633 2597 775 2672 diligenter
786 2597 939 2672 attendite.)
981 2596 1088 2671 Utique
1103 2595 1129 2652 si
1147 2594 1241 2654 msdti·
1267 2655 1274 2682 x

156 2682 222 2762 pler
232 2699 315 2740 eausa
328 2687 389 2758 est,
410 2703 461 2766 sua
472 2685 627 2762 quibusque
639 2681 764 2760 partibus
777 2679 871 2740 danda
882 2681 1018 2762 praelatio
1032 2685 1090 2740 est:
1112 2684 1160 2753 ut,
1170 2678 1239 2738 'Aa-
1266 2707 1274 2732 t

227 2833 299 2899 §72-
317 2831 460 2901 aliquando
480 2837 534 2896 cri,
550 2839 594 2897 at,
619 2833 643 2885 ei
653 2832 707 2898 ait]
730 2829 777 2884 Sic
792 2829 857 2886 (lod.
870 2830 937 2886 Vall.
957 2835 984 2884 et
999 2831 1081 2885 Goth.
1100 2835 1128 2884 et
1140 2828 1239 2897 Regius

158 2921 192 2958 ex
206 2902 369 2966 wniectura,
385 2907 439 2954 tum
451 2901 531 2954 Ruso.
547 2908 575 2954 et
589 2901 651 2954 iude
664 2917 680 2953 a
695 2901 779 2954 Badio
797 2907 859 2953 ante
874 2901 999 2962 Obrecht
1011 2917 1113 2966 omnes,
1130 2905 1240 2968 excepta

159 2972 218 3028 ald.
232 2989 285 3025 soc.
301 2971 328 3022 in
339 2987 404 3042 qua,
421 2976 452 3023 ut
463 2968 489 3022 in
502 2970 608 3040 reliquis
622 2969 706 3024 codd.
725 2975 752 3023 et
772 2969 828 3022 edd.
847 2969 979 3039 inquibus
992 2969 1082 3042 Spald.
1097 2978 1127 3024 ut
1138 2969 1239 3021 uon‘le-

90 3049 95 3058 '
175 3041 239 3094 ‘tun
274 3039 328 3093 Sed
346 3047 433 3092 tamen
450 3045 557 3109 propter
574 3039 734 3111 praecedens
743 3039 890 3108 'aliprando
908 3055 975 3109 opus
990 3041 1038 3092 hac
1052 3038 1179 3109 particula
1191 3045 1248 3091 ests

174 3129 191 3163 n
204 3111 287 3164 altera
302 3111 388 3164 autem
401 3107 579 3162 enunciatioue
592 3125 643 3162 uon
657 3109 755 3162 idcirco
768 3107 923 3176 requiritur,
948 3115 979 3161 ut
990 3107 1143 3179 Spaldiugio
1156 3107 1240 3160 visum

160 3185 216 3244 est,
239 3179 416 3238 coniunctione
436 3185 531 3249 egeat,
556 3195 603 3262 pro
625 3195 676 3247 quo
696 3195 782 3230 omues
798 3177 858 3230 libri
874 3175 966 3244 scripti
980 3184 1008 3231 et
1026 3183 1089 3231 vett.
1105 3175 1165 3230 edd.
1179 3183 1264 3296 Ἕκ,
1339 3217 1347 3228 .

159 3253 283 3312 tuentur,
299 3249 368 3318 quod
381 3247 541 3308 correctione
558 3265 585 3301 sn
597 3255 676 3330 egeat
688 3252 810 3300 muratum
829 3252 877 3298 est.
912 3246 987 3301 Unus
1003 3246 1067 3303 utu.
1081 3253 1153 3316 agot.
1216 3250 1240 3295 st

160 3318 227 3372 enim
248 3317 312 3368 haec
336 3316 419 3370 altera
438 3316 567 3381 conditio,
591 3335 630 3370 res
651 3322 745 3368 natura
763 3314 919 3380 constituta,
934 3325 965 3369 ut
981 3333 1033 3369 nou
1047 3312 1166 3384 opus-sit
1179 3329 1240 3364 con·
1375 3323 1379 3330 ·

77 3447 82 3452 ,
98 3433 101 3438 ι
159 3385 285 3440 inactiva.
319 3385 423 3438 Setiam
443 3391 526 3438 autem
547 3386 582 3438 sit
594 3384 671 3438 iudex
684 3389 871 3454 praeparatus,
888 3393 976 3439 orator
987 3385 1072 3437 minua
1085 3386 1155 3435 certo
1171 3379 1240 3445 iudi-

160 3456 250 3520 cabit,
262 3471 353 3524 quam,
371 3454 432 3523 quid
450 3466 527 3508 cansa
546 3455 674 3526 requirat,
690 3453 828 3522 intelliget.
863 3451 904 3505 De
923 3471 953 3506 re
967 3454 1001 3506 cf.
1020 3451 1068 3516 lll,
1086 3453 1112 3517 8,
1129 3451 1146 3505 7
1168 3467 1241 3520 seqq.
1266 3455 1271 3466 “
1293 3489 1297 3496 .

157 3525 229 3580 Edd.
245 3525 328 3579 Tarv.
342 3525 404 3577 hoc.
418 3523 482 3580 ven.
498 3525 560 3593 utiq.
574 3532 629 3586 cet,
645 3531 676 3578 ut
690 3525 713 3574 si
722 3527 915 3591 praeparatus,
934 3523 1027 3576 omisso
1041 3523 1085 3576 sit.
1155 3569 1161 3583 „

150 3657 152 3660 ¹
229 3595 309 3661 §ra
326 3612 379 3646 noa
392 3591 514 3660 eradio]
551 3594 603 3645 uod
619 3593 647 3644 in
661 3607 737 3644 unum
755 3591 846 3644 vocab.
861 3590 988 3644 coaluisse
1003 3591 1082 3646 dehet
1098 3589 1194 3657 rideri,
1212 3595 1242 3642 ut

160 3661 387 3728 11‚15,1r.mm
402 3665 531 3716 orutcret
573 3661 797 3726 ll‚10,i9.non
812 3677 882 3712 uoce.
925 3665 929 3670 '

231 3729 302 3797 §ib
322 3734 350 3785 G.
374 3733 505 3795 Veram,
530 3732 553 3784 ir
572 3729 636 3800 qui]
653 3729 796 3782 Pronomen
813 3728 873 3781 irio
888 3729 1003 3782 omnibus
1015 3729 1088 3783 libris
1099 3727 1242 3800 ecriptiset

162 3799 223 3854 edd.
237 3807 297 3853 ante
308 3801 333 3852 G
368 3800 455 3884 phium
470 3816 527 3865 cum
545 3816 594 3852 uon
606 3799 755 3868 legeretur,
771 3797 900 3867 Spalding
916 3807 1001 3854 tamen
1017 3797 1125 3853 retinuit
1136 3801 1243 3867 propter

151 3869 212 3934 JK,
231 3871 258 3934 2,
276 3871 317 3922 56.
335 3887 352 3921 u
370 3887 380 3921 ι
398 3869 440 3923 hic
462 3867 533 3922 locus
552 3871 695 3939 repetitur,
712 3867 867 3938 interponito
888 3867 915 3921 ln
935 3869 1050 3923 omuibus
1061 3867 1136 3924 libris
1146 3879 1243 3934 preno-

7 3979 9 3986 .
162 3939 242 3992 mine.
279 3937 363 4000 Quam
382 3954 431 3991 nou
449 3937 542 3992 iustam
556 3935 728 3992 correctionis
742 3941 846 3990 causatu
862 3939 984 3992 arbitror.
1019 3937 1114 4006 Neque
1131 3932 1244 3986 debehat

73 4071 80 4078 ⁸
162 4005 254 4078 Spald.
269 4005 434 4075 parenthesin
443 4007 544 4077 tingere
555 4009 693 4061 verborum
705 4007 763 4058 lloc
771 4033 802 4048 ·-
807 4009 954 4081 ptreuditc,
970 4023 1027 4062 cun
1038 4007 1102 4060 haec
1114 4007 1246 4076 posuema

162 4082 251 4130 ment
268 4076 365 4127 rerba:
387 4091 527 4147 parumque
548 4079 698 4131 constanter
716 4075 798 4130 altero
815 4075 872 4129 loco
889 4077 923 4130 V.
936 4076 969 4130 Ι).
990 4072 1153 4148 parenthesis
1169 4073 1245 4150 siguo
1362 4122 1364 4133 .

162 4144 347 4218 praetermisit.
494 4157 498 4164 ·
809 4171 814 4178 ·

205 4225 429 4306 Qumruursns:
1012 4220 1041 4280 0

474 4311 478 4338 l
