2788 4452
257 265 259 274 .
359 215 373 230 ·
431 155 982 287 1=usr.obsron.'u1n.1.4.
1053 161 1060 236 ἶ
1132 149 1324 294 '1er

162 366 317 426 studiorum
336 367 450 423 exactor
470 357 600 418 astiterit.
648 345 809 414 Nunc'sere
827 353 1001 432 negligentia
1017 351 1247 434 paedagogorum
1256 354 1290 412 1⁵
1360 385 1368 396 -

59 495 62 502 .
141 453 203 515 ⁴sic
221 449 363 512 emendari
375 446 502 515 videtur,
523 448 557 500 ut
570 440 650 520 pueri
661 458 718 498 non
729 442 932 517 facere‚.qnae
944 445 1022 500 recta
1034 442 1115 510 sunt,
1145 455 1277 514 cogno--
1348 469 1351 476 ·

46 585 48 590 .
165 543 227 608 tur,
251 535 317 607 sed,
348 551 410 590 cum
430 548 488 589 non
508 525 643 597 fecerint,
665 525 825 603 pmiantn.
867 525 997 602 Denique
1019 543 1081 583 cum
1104 522 1248 599 paruulum

163 620 326 680 verberibus
344 615 484 690 coegeris,
506 611 574 688 quid
590 610 681 692 iuveni
692 608 795 680 facim,
817 609 860 666 cni
876 627 929 668 nec
945 609 1070 668 adhiberi
1084 613 1182 686 potest
1204 607 1250 665 bic

168 709 281 774 metus,
306 706 336 759 et
351 701 456 758 maiora
476 696 610 756 discenda
630 691 718 752 sunt‘l
747 691 839 768 Adde,
863 695 940 768 quod
949 693 1036 752 mrrlta
1054 692 1292 770 vapulantibuslb

166 787 245 848 dictu
258 785 391 847 deformia
405 789 433 843 et
448 801 513 842 mox
526 781 712 856 verecundiae
723 780 817 836 futura
838 797 923 855 saepe
939 777 1036 836 dolore
1053 777 1096 835 vel
1113 784 1189 838 metu
1203 795 1250 836 ao·

38 909 41 914 -
123 863 274 932 stcidurlt:
302 871 350 947 qui
373 865 614 947 podorrefringit
636 865 758 924 animum
776 863 930 936 etabiicit,
963 868 1048 938 atque
1071 862 1158 939 ipsius
1180 861 1249 920 lucis

163 959 259 1034 firgam
278 961 309 1014 et
322 956 444 1014 taedium
457 953 554 1010 dictat.
597 949 699 1012 Iamsi
716 950 851 1009 minotio
874 947 1032 1025 deligendis
1054 948 1200 1012 cristodrnn
1220 941 1250 1006 et
1260 951 1292 1007 17

73 1031 76 1035 ’
162 1046 373 1122 praeceptorum
387 1038 510 1097 moribus
525 1037 581 1096 fuit
602 1054 684 1108 cura,
706 1036 796 1113 pudet
818 1034 925 1107 dcere,
948 1035 978 1092 in
995 1050 1067 1108 quae
1080 1032 1184 1110 probra
1201 1050 1250 1090 ne·
1268 1103 1272 1116 ι

79 1129 87 1199 ’,
162 1127 241 1190 turdi
255 1125 456 1199 hominesisto
470 1121 606 1196 caselendi
623 1123 683 1180 iure
705 1121 872 1193 abutanhn,
902 1137 986 1196 qnam
999 1119 1051 1178 det
1062 1116 1125 1176 allis
1139 1133 1251 1192 quoque
1284 1117 1287 1125 “

161 1205 359 1288 normu'nqnam
381 1208 554 1274 occasionem
573 1205 617 1266 bie
644 1206 807 1264 miserorum
825 1210 926 1264 metus.
966 1201 1044 1264 ¹Non
1066 1203 1197 1262 morabor
1221 1202 1251 1260 in

161 1303 245 1377 perte
256 1294 322 1354 bac:
344 1294 457 1359 nimium
472 1298 543 1365 est,¹
555 1292 633 1368 qnod
654 1289 827 1366 intelligitur.
871 1289 966 1358 Quare
986 1289 1039 1348 boc
1055 1289 1161 1348 dixisse
1180 1287 1253 1346 satis

163 1388 226 1456 est,
247 1382 278 1440 in
294 1385 417 1442 aetatem
429 1377 566 1436 infirmam
578 1382 608 1435 et
620 1375 735 1434 iniuriae
750 1375 898 1434 obnoxiam
913 1373 1016 1434 nemini
1031 1374 1117 1434 debet
1136 1374 1251 1432 nimium

111 1466 119 1478 '
162 1466 254 1526 licere.
295 1464 380 1535 Nunc
393 1463 493 1538 quibus
506 1461 695 1519 instituendus
711 1459 883 1532 sitartibus,
905 1460 953 1534 qui
973 1460 1013 1516 sic
1025 1459 1197 1533 formabitur,
1218 1455 1294 1518 nt18

164 1551 225 1610 fieri
238 1550 331 1628 possit
345 1553 458 1620 orator,
480 1549 511 1606 et
525 1563 596 1623 quae
614 1544 644 1602 in
659 1562 769 1622 quaque
787 1547 881 1604 aetate
902 1543 1073 1632 inchoanda,
1095 1543 1186 1604 dicere
1208 1544 1252 1602 in·

216 1636 285 1694 diar.
523 1672 525 1675 -
781 1676 787 1685 .
923 1679 926 1686 ,

51 1725 54 1732 “
164 1654 216 1714 gre
249 1718 297 1779 Νι
319 1717 428 1776 Primus
442 1717 472 1774 in
485 1735 535 1790 eo,
558 1713 944 1794 quilegendiscribeudique
964 1713 1085 1794 adeptus
1102 1713 1270 1776 eritfacul·.

163 1811 266 1878 tatem,
289 1802 540 1880 grammaticisest
552 1797 638 1862 locus.
680 1801 743 1861 Nec
755 1804 858 1875 refert,
881 1801 919 1863 de
938 1801 1048 1867 Graem
1068 1821 1106 1860 aa
1122 1801 1158 1860 de
1171 1799 1252 1860 Lati·

164 1909 203 1949 no
216 1889 329 1966 loquar3
351 1905 510 1965 quanquam
525 1888 663 1946 Graecum
674 1907 739 1946 esse
749 1889 871 1965 priorem
884 1886 985 1966 placet
1015 1886 1135 1964 Utrique
1153 1887 1252 1946 eadem

124 1975 209 2034 soria
228 1981 284 2034 est.
317 1973 396 2031 Haec
408 1974 494 2049 igitur
506 1973 661 2053 professio,
683 1991 746 2032 cum
758 1973 919 2032 brevissime
934 1973 963 2029 in
976 1973 1046 2029 duas
1065 1977 1161 2050 partes
1180 1972 1281 2044 divi-2⁸
1336 2014 1340 2020 .

165 2059 265 2133 datur,
287 2063 356 2117 recte
374 2057 499 2136 loquendi
511 2058 673 2130 solentiam,
697 2062 726 2115 et
742 2061 882 2136 poetarum
896 2059 1108 2124 enodationem
1125 2055 1188 2133 plus
1201 2051 1271 2114 ha-'
1337 2133 1340 2138 Ι

77 2209 83 2214 ,
164 2145 215 2206 bet
228 2145 257 2203 in
270 2162 397 2216 recessu,
420 2153 504 2218 quarn
515 2143 609 2200 fronte
621 2141 769 2220 promittit.
811 2139 887 2200 Nam
905 2146 934 2199 et
947 2139 1086 2198 ‘scribenda'
1100 2143 1171 2198 ratio
1186 2139 1278 2198 con-3

166 2230 260 2288 iuncta
277 2247 340 2286 mm
353 2227 495 2301 loquendo
512 2231 570 2298 est,
594 2231 624 2282 et
640 2225 842 2284 enarrationem
857 2225 1002 2303 praecedit
1013 2223 1153 2284 sandolo
1164 2223 1252 2298 lectio,

167 2317 198 2372 et
210 2312 327 2370 mixtum
341 2311 386 2368 bis
401 2311 529 2370 omnibus
541 2309 670 2369 iodicium
685 2315 742 2370 est:
764 2327 821 2387 qno
837 2310 948 2388 quidem
966 2311 1007 2369 ita
1021 2315 1195 2370 sereresunt
1207 2311 1254 2388 usi
1306 2331 1326 2348 ἰ

165 2391 275 2457 veteres
294 2395 484 2474 grammatici,
510 2399 546 2454 ut
569 2415 626 2454 non
642 2413 739 2455 versus
756 2397 840 2455 modo
859 2395 987 2456 censoria
1008 2397 1128 2474 quadam
1146 2395 1254 2474 virgula

166 2487 284 2555 notare,
307 2487 337 2540 et
353 2479 455 2556 libros,
486 2481 534 2559 qni
554 2481 626 2541 falso
646 2482 806 2558 viderentur
821 2481 961 2562 inscripti,
984 2487 1117 2559 tanquam
1134 2481 1253 2542 subditi-

167 2567 224 2626 tios
244 2585 416 2626 summovere
430 2566 535 2624 familia
547 2566 726 2645 permiserint
739 2567 807 2639 sibi;
830 2568 883 2627 sed
896 2573 1023 2626 auctores
1038 2567 1109 2628 alios
1130 2567 1162 2626 in
1178 2568 1255 2625 ordi-
1348 2562 1350 2566 ’

168 2669 232 2711 nem
253 2652 431 2728 redegerint,
452 2651 522 2709 alios
540 2653 654 2710 omnino
673 2653 826 2710 exemerint
845 2669 970 2710 numero.
1011 2649 1074 2710 Nec
1093 2655 1194 2730 politas
1213 2651 1280 2712 les

168 2737 246 2813 gisse
268 2737 338 2793 satis
359 2741 419 2794 est:
441 2736 635 2794 excutiendum
652 2751 734 2793 omne
748 2737 914 2812 scriptorum
931 2751 1037 2810 genus,
1059 2753 1118 2794 non
1138 2741 1255 2816 propter

167 2819 299 2879 historias
308 2819 404 2890 modo,
426 2819 478 2876 sed
489 2819 584 2890 verba,
600 2839 672 2896 quae
685 2820 846 2894 frequenter
857 2819 900 2876 ius
914 2818 950 2876 ab
962 2820 1120 2878 auctoribus
1132 2823 1252 2880 sumunt.

45 2953 55 2964 .
168 2901 244 2966 Tum
255 2923 308 2962 nec
324 2903 394 2979 citra
406 2903 529 2962 musicen
547 2899 728 2978 grammatice
741 2908 840 2982 potest
858 2923 921 2964 esse
933 2903 1072 2982 perfecta,
1095 2907 1198 2966 cumei
1217 2907 1254 2966 de

147 3035 152 3044 r
167 2990 263 3053 metris
278 2989 470 3064 rhythmisque
488 2989 636 3048 dicendum
653 2990 706 3047 sit:
727 3007 780 3048 nec
798 2990 975 3049 sirationem
991 2989 1113 3051 siderum
1131 2992 1253 3068 ignoret,
1352 3009 1354 3014 ·

167 3078 267 3154 potitos
280 3073 436 3150 intelligat3
457 3075 521 3151 qni,
542 3080 575 3132 ut
592 3073 647 3132 alia
658 3075 783 3147 mittam,
807 3075 892 3134 toties
910 3079 975 3133 ortu
989 3092 1143 3155 occasuque
1157 3079 1254 3154 signo-

169 3175 228 3217 rum
246 3160 277 3216 in
298 3157 475 3218 declarandis·
492 3160 665 3238 temporibus
685 3164 816 3219 utuntur:
851 3177 905 3219 nec
931 3160 1030 3238 ignara
1047 3163 1250 3242 philosophiae,

170 3263 230 3304 cum
242 3249 358 3320 propter
378 3243 511 3322 plurimos
529 3245 558 3304 in
580 3247 707 3305 omnibus
725 3247 785 3306 sere
805 3245 971 3306 carminibus
988 3245 1082 3322 locos,
1105 3269 1138 3308 ex
1157 3250 1256 3306 intima

129 3329 362 3407 soquaestionrun
382 3329 547 3393 natmalium
569 3331 725 3391 subtilitate
738 3332 893 3409 repetitos3
914 3336 974 3390 tum
994 3331 1039 3390 vel
1053 3340 1171 3413 propter
1186 3333 1254 3392 Em-

138 3448 142 3456 ·
170 3412 315 3494 pedoelem
327 3414 358 3494 in
369 3414 499 3489 Graecis,
521 3415 675 3475 Varronem
689 3436 723 3474 ac
738 3415 899 3476 Lucretium
919 3417 948 3473 in
962 3414 1088 3490 Latinis,
1111 3419 1159 3495 qui
1171 3437 1256 3496 prae·

171 3505 253 3578 cepta
271 3499 425 3577 sapientiae
439 3501 563 3558 versibus
583 3501 768 3572 tradiderunt.
811 3501 979 3576 Eloquentia
998 3519 1109 3578 quoque
1127 3523 1185 3563 non
1197 3507 1294 3563 me-5·

171 3585 259 3644 ‹liocri
271 3591 314 3643 est
327 3603 414 3664 opus,
436 3589 469 3644 ut
484 3585 521 3644 de
536 3603 702 3664 unaquaque
716 3605 824 3662 earum,
847 3603 917 3666 quas
932 3585 1193 3666 demonstravimus,
1211 3609 1256 3650 re-
1376 3635 1381 3640 -

241 3771 258 3834 s
272 3769 312 3824 17.
331 3769 429 3822 nemias·
441 3767 549 3836 debere]
572 3767 619 3822 Sic
631 3768 729 3822 Badius
743 3769 952 3837 exeonisotnra,
977 3789 1052 3844 quem
1068 3773 1129 3828 edd.
1140 3789 1255 3842 sequuu·
1352 3808 1358 3824 .

64 3855 68 3864 ·
107 3843 116 3856 ⁸
173 3843 226 3892 tnr.
261 3837 291 3890 ln
305 3839 390 3891 Codd.
405 3845 447 3890 est
457 3839 548 3901 debet,
566 3837 671 3892 utbaec
684 3838 783 3903 omnia,
819 3855 868 3894 uae
887 3850 947 3912 post
967 3844 1016 3896 bos
1034 3843 1205 3896 obsecrato
1218 3847 1258 3894 est

172 3904 304 3974 leguntur,
328 3907 394 3978 legis
415 3907 499 3962 incur
517 3908 637 3960 dicantur
657 3909 772 3977 gravius.
833 3927 865 3964 oc
886 3913 953 3966 bene
970 3911 1155 3965 animadvertit
1171 3911 1257 3980 Serpa

49 4000 60 4016 ν
172 3975 247 4028 Auel.
269 3978 357 4044 pao.
378 3976 529 4046 praesertim
547 3993 606 4030 enm
622 3979 671 4030 hoo
688 3978 845 4047 praecessit,
868 3980 910 4032 cni
925 3979 1082 4033 indicativus
1102 3995 1152 4032 non
1175 3978 1257 4032 minus
1294 3992 1299 3998 ’

172 4045 306 4106 wormio,
330 4061 406 4128 quam
428 4045 582 4099 infinitivus.
621 4046 732 4100 Accedit
750 4047 784 4100 ad
805 4047 943 4116 Codicum,
971 4047 1066 4118 quibus
1084 4045 1176 4116 Spald.
1196 4063 1258 4102 usos
1355 4049 1358 4054 '

127 4165 133 4180 ,
173 4121 231 4178 ess,
249 4119 430 4168 anctoritatem
443 4115 565 4185 princeps
576 4113 640 4170 edit·
653 4116 786 4186 crrnpana
800 4131 857 4170 oum
873 4115 939 4169 Cod.
953 4119 1018 4186 Reg.
1032 4120 1058 4170 1.
