2788 4452
147 171 212 286 aas
240 237 247 248 ’
348 237 350 242 -
422 217 464 280 Μ.
490 159 588 280 rna.
616 159 971 289 ouurvvrnmrv‘r·

139 395 264 462 ,quanam
277 373 415 434 difficilior
425 373 480 432 alia
494 375 600 434 ratione
619 371 764 452 explicatio
777 381 834 447 est,
855 379 891 450 ut,
907 375 944 434 de
962 365 1070 434 ratione
1083 373 1235 447 dividendi,
1245 393 1294 439 11⁵

148 463 185 522 de
201 461 322 521 sectione
335 462 365 518 iu
379 459 532 533 infipitum,
554 460 590 518 de
610 459 752 520 celeritate
768 459 914 534 augenda,
936 458 1084 520 linearibus
1102 458 1154 518 illis
1167 477 1235 539 pro-

147 547 303 606 bationibus
315 544 384 602 solvi
396 543 500 607 solere:
519 551 564 616 ut,
587 545 613 604 si
626 549 669 602 est
683 545 786 604 oratori
803 544 895 620 (quod
906 545 1045 622 proximus
1061 546 1235 604 demonstra-
1313 579 1316 586 ,

120 637 123 644 '
147 633 191 690 bit
205 631 289 706 liber)
302 631 338 688 de
349 630 476 688 omnibus
486 629 568 689 rebus
582 631 739 704 dicendum,
750 627 826 688 nullo
837 629 922 690 modo
936 629 996 691 sine
1009 631 1166 706 geometria
1174 649 1235 700 csse

147 718 236 794 possit
246 720 347 774 orator.

165 869 166 872 ,
189 818 239 878 ΧΙ.
258 818 389 877 Dandum
408 815 513 895 aliquid
534 821 668 880 comoedo
694 783 820 897 duoque,
847 819 914 876 dum
936 824 1063 891 eatenus,¹
1092 835 1151 894 qua
1167 835 1236 894 prod

13 915 15 920 '
102 973 105 978 Ι
146 905 295 964 nunciandi
321 904 462 962 scientiam
483 905 590 963 futums
616 911 710 964 orator
735 903 883 978 desiderat.
924 903 992 961 Non
1015 905 1089 962 enim
1107 919 1234 980 puerum,

71 1005 81 1026 ‘
148 1009 231 1066 quem
244 991 273 1047 in
286 987 341 1047 hoc
355 989 534 1063 instituimus,
556 995 606 1047 aut
615 991 751 1050 femineae
761 990 836 1047 vocis
847 989 968 1048 exilitate
978 990 1069 1064 frangi
1083 986 1162 1070 volo,
1183 992 1234 1044 aut

121 1074 266 1134 tseniliter
279 1079 407 1134 tremere.
448 1073 511 1132 Nec
522 1075 588 1132 vitia
594 1076 741 1134 ebrietatis
754 1074 884 1149 effingat,
907 1093 958 1132 nec
975 1073 1065 1132 servili
1077 1071 1235 1131 vernilitate

46 1199 50 1210 -
135 1153 298 1218 imbuatur:
319 1167 371 1218 nec
381 1160 498 1234 amoris,
520 1159 668 1234 avaritiae,
689 1167 777 1220 metus
791 1159 1035 1217 discataffectum:
1057 1175 1129 1234 quae
1142 1175 1234 1233 noque

148 1245 252 1316 oratori
264 1249 330 1302 sunt
340 1246 507 1316 necessaria,
529 1251 559 1302 et
575 1251 711 1319 mentem,
733 1245 883 1324 praecipue
897 1245 926 1301 in
944 1249 1038 1304 aetate
1049 1245 1142 1321 prima
1154 1248 1234 1300 tene·

52 1344 57 1354 “
120 1337 205 1390 aram
224 1323 315 1388 adhuc
341 1332 371 1391 et
388 1330 500 1401 rudem,
528 1330 661 1388 inliciunt
703 1330 778 1389 Nam
798 1332 928 1405 frequens
951 1329 1070 1388 imitatio
1088 1327 1186 1385 hausit
1205 1327 1234 1383 in
1328 1379 1332 1388 .

145 1431 245 1474 mores.
287 1411 333 1472 Ne
343 1420 437 1489 gestus
449 1414 561 1492 quide'm
575 1418 664 1474 omnis
677 1436 709 1474 ac
726 1423 816 1474 motus
834 1435 852 1472 a
868 1413 1008 1472 comoedis
1030 1411 1167 1490 petendus
1182 1417 1233 1471 est.

147 1502 313 1576 Quanquam
334 1500 408 1558 enim
425 1505 572 1578 utrumque
590 1521 685 1560 eorum
697 1503 733 1560 ad
746 1501 885 1579 quendam
900 1500 1014 1557 modum
1026 1503 1169 1576 praestare
1181 1498 1234 1556 de-

145 1585 200 1645 bet
210 1589 316 1642 orator:
341 1584 490 1662 plurimum
508 1593 603 1646 tamen
622 1587 713 1644 aberit
731 1604 749 1644 a
768 1579 890 1658 scenico,
911 1603 963 1642 nec
980 1583 1056 1642 vultu
1077 1603 1130 1642 nec
1149 1583 1234 1641 manu

145 1689 197 1730 nec
208 1670 419 1744 ¹cucuruionibus
435 1671 545 1750 nimius.
588 1669 662 1730 Nam
677 1672 701 1729 si
724 1690 780 1749 qua
792 1672 822 1728 iu
842 1670 884 1728 his
899 1687 943 1728 ars
956 1675 998 1728 est
1012 1670 1177 1744 dicentium,
1198 1687 1233 1728 ea

64 1827 66 1838 Ι
126 1757 235 1834 ,prima
252 1760 309 1827 est,
330 1773 367 1813 ne
383 1773 428 1813 ars
444 1757 649 1815 essevideatur.
836 1761 838 1766 '

29 1901 33 1914 .
118 1860 153 1931 4ἱ
230 1856 315 1923 Quod
328 1861 371 1914 est
383 1857 467 1933 igitur
481 1858 510 1916 in
523 1859 564 1918 his
579 1861 701 1920 doctoris
715 1857 858 1919 officium?
881 1857 1022 1937 Inprimis
1037 1857 1120 1932 vitia,
1142 1858 1290 1934 siquatta

142 1945 231 2015 sunt,¹
251 1941 307 1998 oris
324 1945 468 2003 emendet:
487 1951 520 2003 ut
538 1949 737 2023 expressasint
750 1947 851 2018 verba,
873 1951 905 2003 ut
921 1946 976 2002 suis
995 1963 1122 2020 quaeque
1138 1941 1233 2018 literae
1290 1967 1296 1973 ·

144 2028 219 2085 sonis
243 2028 445 2089 enuncientur„
477 2031 654 2098 Quarundam
675 2035 748 2092 euim
770 2032 813 2090 vel
832 2031 954 2090 exilitate
974 2029 1017 2088 vel
1039 2028 1234 2106 pinguitudine

138 2113 231 2170 nimia
251 2110 422 2173 laboramus:
453 2119 587 2194 quasdam
608 2118 683 2177 velut
704 2119 821 2176 acriores
842 2135 941 2195 parum
960 2115 1093 2181 efficimus
1113 2120 1144 2198 ¹et
1163 2113 1232 2185 aliis,

88 2253 93 2258 .
120 2207 202 2260 5nou
218 2199 392 2258 dissimilibus
406 2203 456 2261 sed
472 2205 551 2279 quasi
569 2204 772 2278 hebetioribus,
795 2208 992 2282 permutamus.
1036 2197 1184 2279 QuippeP
1199 2197 1250 2256 li-'

143 2289 238 2356 terae,
261 2303 316 2359 qua
338 2283 542 2346 Demosthenes
558 2308 671 2364 quoque
686 2289 834 2364 laboravit,
856 2289 882 2346 A
902 2288 1024 2354 succedit
1040 2286 1171 2363 (quarum
1190 2284 1231 2341 vis

144 2375 187 2437 est
200 2369 275 2445 apud
289 2387 339 2424 nos
360 2373 502 2448 quoque):
525 2379 555 2431 et
574 2393 635 2431 cuun
650 2374 674 2432 C
687 2395 718 2432 ac
737 2375 864 2433 similiter
875 2375 901 2432 G
912 2393 970 2431 non
982 2372 1142 2446 valuerunt,
1164 2371 1193 2427 in
1206 2365 1234 2427 Τ

16 2493 26 2500 ‚.
120 2459 177 2512 (iac
190 2451 395 2512 Dmolliuutur.
439 2451 485 2515 Ne
499 2457 559 2516 illas
573 2459 684 2534 quidem
706 2459 776 2518 circa
791 2459 817 2519 S
830 2460 939 2518 literam
957 2459 1067 2519 delicias
1080 2457 1125 2516 hic
1141 2455 1231 2531 magi-

145 2546 201 2598 ster
213 2539 298 2597 feret:
320 2557 373 2598 nec
388 2541 472 2600 verba
494 2543 523 2599 in
545 2543 666 2602 faucibus
690 2546 810 2621 patietur
828 2545 933 2618 audiri,
955 2565 1007 2604 nec
1028 2543 1083 2600 oris
1096 2542 1230 2607 inanitate

143 2643 286 2684 resonare:
308 2642 376 2698 nec,
399 2628 474 2702 quod
489 2629 734 2692 minimesermoni
747 2649 817 2708 puro
830 2631 989 2704 conveniat,
1011 2627 1161 2706 simplicem
1178 2642 1229 2681 vo·
1239 2636 1288 2680 11⁷

63 2773 67 2780 ,
143 2711 181 2768 cis
194 2715 322 2768 naturam
340 2709 465 2788 pleniore
479 2715 600 2792 quodam
622 2735 692 2773 sono
707 2711 902 2789 cir‘cnmlinire,
932 2717 1008 2792 quod
1019 2713 1118 2773 Graeci
1136 2731 1228 2771 κατα-

75 2861 77 2867 .
116 2793 352 2874 Ίπεπλασμένον
366 2798 472 2857 dicunt:
485 2801 534 2857 sic
554 2799 708 2878 appellatur
720 2807 816 2860 cantus
829 2801 975 2874 tibiarum,
999 2819 1085 2877 quae,
1107 2796 1230 2877 pracdu-
1277 2833 1283 2838 -

141 2883 195 2953 sis,
219 2882 317 2957 quibus
339 2880 506 2958 clarescunt,
535 2886 731 2960 foraminibus,
761 2885 835 2946 rect'o
862 2887 947 2944 modo
976 2889 1050 2946 exitu
1075 2885 1229 2961 graviorem
1265 2935 1269 2942 .

139 2966 268 3044 spiritum
286 2965 414 3026 reddunt
1220 2993 1223 2998 ,

73 3149 78 3158 ι
117 3078 134 3129 8
185 3099 193 3108 ·
226 3067 343 3125 Curabit
361 3070 459 3143 etiam,
490 3090 527 3130 ne
548 3077 685 3134 extremae
704 3073 827 3152 syllabae
846 3075 1026 3145 intercidant3
1053 3079 1085 3131 ut
1103 3091 1156 3150 par
1176 3071 1228 3132 sibi

141 3171 231 3212 sermo
246 3153 296 3225 sit3
317 3159 349 3210 ut
363 3156 471 3231 quoties
484 3157 689 3218 exclamandum
709 3163 774 3240 crit,
796 3160 890 3220 lateris
902 3166 1017 3220 conatus
1034 3155 1071 3218 sit
1087 3159 1148 3232 ille,
1171 3177 1227 3216 non

116 3238 253 3317 9capitis3
275 3245 307 3297 ut
320 3245 415 3316 gestus
431 3242 467 3300 ad
480 3263 589 3318 vocem,
610 3245 698 3303 vultus
713 3247 750 3304 ad
766 3253 875 3322 gestum
893 3248 1122 3306 accommodetur.
1167 3245 1227 3303 Ob-

140 3326 306 3398 servandum
323 3328 376 3384 erit
394 3328 492 3400 etiam,
515 3334 547 3386 ut
563 3336 638 3388 recta
656 3332 692 3388 sit
713 3333 797 3391 facies
819 3332 953 3406 dicentis,
974 3352 1011 3391 ne
1028 3331 1106 3398 labra
1125 3331 1226 3388 distor-

134 3413 290 3487 queamur,
312 3430 348 3471 ne
367 3413 526 3472 immodicus
544 3413 633 3473 hiatus
655 3417 752 3487 rictum
770 3419 927 3493 distendat,
948 3437 985 3477 ne
1003 3417 1117 3496 supinus
1128 3416 1226 3487 multus,

100 3507 177 3557 lone
197 3496 295 3554 deiecti
318 3497 351 3553 in'
373 3505 476 3558 terram
495 3499 579 3574 oculi,
607 3499 740 3560 inclinata
756 3503 886 3563 utrolibet
906 3505 1006 3564 cervix.
1050 3501 1124 3560 Nam
1147 3501 1225 3557 frons

100 3625 105 3633 ,
139 3577 263 3656 pluribus
282 3585 427 3658 generibus
444 3589 547 3662 peccat.
589 3585 653 3646 Vidi
671 3585 789 3661 multos,
813 3609 930 3667 quorum
950 3586 1093 3668 supercilia
1114 3585 1150 3643 ad
1166 3585 1223 3643 sin-

140 3662 219 3742 gulos
240 3667 314 3724 vocis
333 3675 448 3728 conatus
467 3669 675 3746 allevarentur,
688 3673 803 3731 aliorum
821 3677 983 3750 constricta,
1006 3671 1121 3732 aliorum
1140 3671 1225 3730 etlam

139 3749 317 3822 dissidentia,
340 3771 401 3811 mum
425 3754 513 3812 altero
532 3756 560 3812 in
581 3758 710 3817 verticem
729 3759 893 3835 tenderent,
921 3760 1009 3821 altero
1024 3778 1113 3840 praeire
1132 3755 1225 3817 oc'ulus

209 3989 225 4050 S
243 3987 284 4042 49.
303 3989 336 4040 dc
349 3987 482 4042 celcritatc
492 3993 634 4060 augenda]
656 3992 701 4046 Sic
716 3993 805 4052 Guelf.
820 3995 911 4066 Spald.
927 3969 976 4052 non
988 3996 1043 4051 eine
1059 3987 1222 4050 dubitatione

90 4049 93 4058 ⁴
140 4053 210 4134 vulg.
226 4057 257 4108 de
277 4060 322 4110 cel.
336 4056 453 4129 augendi
471 4059 580 4128 recepit.
614 4061 755 4116 Nobiscum
777 4059 1026 4120 sentithmemaun.
1060 4065 1092 4127 lu
1109 4079 1222 4122 errorem

139 4117 214 4175 duxit
226 4127 386 4180 oratcedens
399 4129 540 4182 dividendi.
