2788 4452
400 234 523 296 insu.
553 231 761 310 onsuos.
790 232 878 318 nm.
905 234 935 311 1,
956 234 986 301 4.
1182 185 1258 302 ss

73 409 76 416 ⁴
142 447 145 450 .
173 399 338 472 praeceptor
355 411 418 450 acer
438 396 523 467 atque
545 387 650 447 subtilis
665 389 783 466 origines
799 392 956 450 nominum:
977 395 1009 450 ut
1022 407 1095 469 quae
1109 409 1142 450 ex
1162 388 1258 452 habitu

162 480 296 622 sut·
309 474 1257 637 ttsluutfsutu‘stetistis

50 614 54 618 -
285 605 294 636 s
426 603 435 633 s
565 603 574 633 s
714 599 723 632 a
854 603 863 633 s
1072 613 1077 620 ·
1244 593 1259 610 '¹

133 647 324 718 sumentium
344 645 407 704 hinc
428 644 551 722 Agrippa
571 650 600 704 et
619 644 715 722 Opiter
734 651 765 703 et
787 643 888 702 Cordus
901 651 931 704 et
947 645 1088 706 Postumus
1108 652 1206 706 enini:
1226 643 1258 708 'et

173 751 208 792 ex
219 731 271 805 iis,
292 749 363 807 quae
378 736 442 808 post
450 738 532 790 natos
547 731 693 803 eveniunt3
712 731 788 788 unde
804 729 940 807 Vopiscus.
978 729 1039 790 Iam
1055 731 1161 805 Cottae,
1188 732 1252 792 Su·-

170 811 276 895 pioues,
297 814 446 889 Iuctatus,
470 815 662 889 Suauisuut,
684 822 714 876 et
735 833 770 875 ex
783 815 866 873 variis
883 814 978 874 usmis.
1022 814 1128 875 Gentes
1145 819 1299 895 quoquest
1374 855 1378 868 .

166 921 208 972 ,αα
220 899 295 974 loca,
317 907 346 960 et
358 901 413 959 alis
424 900 642 979 mcdtorepecias
659 901 732 960 inter
746 900 888 975 nominum
905 916 1010 958 causas.
1051 899 1085 958 ln
1105 904 1188 968 servis
1202 903 1258 963 ium

172 985 312 1045 intercidit
325 985 393 1043 iilud
408 1005 514 1062 genus,
542 987 619 1062 quod
638 987 789 1046 ducebatur
803 1003 822 1044 e
835 984 969 1059 domino,
987 984 1063 1044 unde
1081 981 1256 1064 Marcipores,

173 1069 389 1150 Puttiporesque.
418 1071 542 1139 Quaerat
554 1072 651 1144 etiem,
672 1071 743 1130 sitne
756 1071 832 1149 apud
846 1071 969 1130 Graecos
983 1069 1024 1128 vis
1039 1071 1175 1148 quaedum
1189 1073 1258 1131 sexti

67 1197 70 1204 ·
171 1175 267 1231 ossus,
288 1162 318 1216 et
331 1156 409 1235 opud
422 1175 474 1214 nos
489 1173 602 1234 quoque
616 1155 734 1234 septimi
767 1154 843 1215 Nam
862 1175 923 1214 cum
939 1153 1017 1230 dico,
1036 1145 1258 1234 iastnpucsusi,

169 1261 229 1302 non
239 1247 302 1300 utor
316 1241 428 1301 ablativi
441 1249 555 1314 natura3
576 1261 628 1301 uec
640 1242 662 1299 si
672 1242 746 1300 idem
764 1241 998 1315 Graece-dicuni,
1019 1239 1113 1300 dativi.
1155 1241 1215 1302 Sed
1229 1242 1299 1301 insa
1350 1263 1353 1268 ·

121 1355 125 1361 ¹
170 1327 261 1388 verbis
275 1345 387 1404 quoque
404 1327 465 1403 quis
481 1332 525 1385 est
537 1327 610 1385 adeo
624 1326 782 1405 impetitum,
803 1332 836 1384 ut
853 1327 965 1402 ignoret
976 1343 1081 1402 genera
1103 1331 1132 1388 et
1141 1327 1259 1404 quatita·

170 1419 215 1472 tes
230 1417 261 1470 et
274 1429 409 1489 personas
430 1417 458 1470 et
473 1408 625 1468 numerosi
663 1409 790 1470 Literaiii
802 1430 892 1488 paene
907 1411 961 1470 ista
973 1417 1037 1470 sunt
1054 1409 1112 1470 iudi
1124 1418 1152 1471 et
1163 1413 1258 1471 trivia·

67 1512 71 1518 ·
132 1497 135 1501 ’
171 1495 206 1556 lis
219 1495 359 1554 scientiae.
401 1493 459 1552 Iam
473 1494 608 1571 quosdam
626 1491 672 1552 illa
685 1494 852 1568 nutabunt,
873 1514 947 1572 quse
963 1494 1187 1562 declinationibus
1200 1491 1265 1557 non'

170 1585 308 1642 tenentur.
350 1577 425 1638 Nam
448 1585 477 1638 et
497 1579 636 1655 quaedam
654 1581 822 1656 pantapte,
843 1597 881 1638 un
896 1579 970 1638 uerti
982 1579 1258 1659 appettuts'uussint,
1314 1564 1317 1580 ¹

171 1665 293 1726 dubitaui
307 1670 409 1744 potest,
424 1663 489 1741 quia
499 1663 574 1730 atiud
586 1663 640 1722 ulio
652 1662 713 1722 loco
725 1663 826 1738 vatent,
840 1670 871 1722 ut
881 1663 966 1724 hctus
977 1671 1006 1724 et
1019 1668 1132 1742 παρίω.
1163 1665 1300 1736 Quaeso

170 1751 236 1810 dam
253 1752 336 1810 verba
348 1749 577 1829 appellationibus
593 1748 707 1824 similia,
727 1754 759 1807 ut
764 1748 931 1828 fraudator,
952 1753 1079 1810 uutsa‘tor.
1105 1751 1179 1827 lassi,
1195 1751 1258 1810 ltus

168 1840 199 1896 iu
211 1839 353 1913 antiquam
365 1834 472 1908 situum,
490 1853 585 1894 nonne
599 1833 878 1914 propriaecuiusdam
892 1835 1007 1896 rationis
1019 1833 1084 1896 esti
1105 1857 1170 1896 uam
1180 1839 1257 1916 quod
1291 1900 1296 1908 ,

169 1921 279 1980 initium
289 1921 347 1980 eius
361 1917 505 1980 invenias?
526 1921 569 1980 cui
581 1919 668 1978 sinite
680 1916 793 1981 dietus:
821 1921 967 2000 accipimus
980 1921 1075 1996 aliter,
1096 1929 1129 1982 ut
1211 1991 1217 2000 .

128 2025 160 2072 su
255 2003 392 2065 Panditur
402 2004 609 2068 intercedamus
619 2007 803 2082 omuspuuuis
819 2005 943 2084 Olympi,-

166 2091 263 2166 aiitcr,
285 2098 330 2151 ut-

169 2239 172 2244 ,
253 2207 298 2222 -·
317 2179 382 2234 totis
400 2175 489 2254 Usque
502 2175 568 2233 adeo
580 2174 707 2233 turbatur
717 2178 795 2250 agris
804 2207 855 2232 -.

168 2260 317 2324 Estetium
329 2261 442 2338 quidum
457 2261 556 2319 tertius
569 2259 684 2333 modus,
707 2266 738 2319 ut
754 2261 819 2319 urts
835 2260 990 2320 habitatur:
1020 2260 1095 2320 unde
1115 2265 1141 2320 et
1152 2247 1258 2340 campus

168 2348 325 2406 aristus
339 2349 575 2422 murenuuigutur.
607 2342 852 2424 Prunsusquoque
867 2353 952 2424 atque
966 2349 1048 2424 potus
1060 2347 1299 2407 diversoum-so
1342 2407 1350 2428 ‚

167 2429 235 2507 lent,
250 2450 339 2509 quam
351 2432 481 2492 indicant.
504 2429 602 2501 Quidi
615 2433 693 2509 quod
705 2431 791 2491 mcdto
800 2433 887 2493 verba
896 2451 955 2513 nou
967 2439 1054 2522 totum
1069 2433 1258 2492 desinationis
1277 2485 1285 2500 ,

163 2614 287 2670 leniam
302 2620 332 2668 at
346 2615 547 2684 probabiliorem
566 2615 753 2671 comestionem
774 2616 893 2672 adhibuit
905 2617 993 2669 Burin.
1007 2615 1052 2686 qui
1072 2615 1100 2668 in
1115 2615 1258 2680 Adtendis,
1365 2625 1368 2632 ’

164 2684 438 2756 adsentiente-Sarute
457 2685 485 2740 iu
498 2685 571 2739 Anat.
589 2691 617 2738 st
629 2687 737 2740 Linum.
755 2688 826 2740 mita
847 2703 880 2738 ex
895 2687 933 2741 mi
944 2686 1006 2752 (pro
1017 2685 1097 2748 usu)
1111 2685 1157 2736 itte
1173 2691 1258 2738 ortum

164 2757 248 2822 putat.
282 2753 348 2804 Mox
370 2753 477 2814 Lissen.
498 2771 546 2824 pto
565 2756 641 2806 atiud
660 2756 782 2808 secretius
801 2755 858 2808 vuit
871 2753 972 2822 aliquid
984 2770 1048 2806 scor.
1083 2751 1160 2806 Nihil
1173 2759 1260 2810 umen

164 2827 277 2890 utroque
288 2819 308 2872 l.
323 2821 485 2874 mutaverim.
520 2821 572 2874 Fre
592 2837 654 2875 oens
670 2822 737 2875 enim
756 2827 797 2874 est
816 2825 887 2876 uu‘ttc
906 2819 975 2890 apud
996 2819 1086 2892 Quint.
1106 2839 1155 2891 pro
1176 2824 1259 2877 mutto
1282 2865 1290 2890 ¹.

165 2890 241 2956 513.
256 2888 278 2954 1,
296 2890 321 2956 6,
340 2891 384 2946 25.
409 2889 445 2954 11,
465 2892 508 2954 13,
533 2835 618 2953 9.,(i1,
639 2891 680 2955 15,
697 2893 742 2946 23.
760 2891 794 2944 at.
840 2891 994 2959 Quanquam
1009 2891 1074 2943 haec
1090 2889 1148 2961 ipsa
1161 2893 1258 2948 erroris
1285 2891 1293 2900 “

163 2959 248 3030 potuit
266 2975 325 3013 esse
337 2975 429 3023 causa,
449 2957 603 3031 praesertim
617 2961 755 3013 summitte
774 2975 805 3013 oo
818 2960 875 3014 loco
889 2958 999 3030 positum
1019 2957 1070 3024 sit,
1092 2967 1123 3015 ut
1136 2961 1257 3017 videatur
1315 2979 1320 2988 ·

9 3043 12 3050 ’
92 3082 100 3104 ,
163 3030 198 3084 nd
213 3028 344 3099 arigium
363 3030 432 3099 quod
447 3029 556 3104 propius
575 3034 631 3094 est,
648 3029 794 3100 pertinere,
812 3030 882 3100 quod
902 3047 935 3083 oe
952 3029 1018 3084 ferri
1039 3029 1144 3100 quidem
1159 3038 1256 3104 potest,
1345 3039 1364 3050 ''

167 3111 223 3152 cum
236 3097 270 3150 sit
285 3098 401 3152 additum
415 3101 562 3162 nominum,
580 3115 648 3169 quse
665 3099 735 3154 mille
747 3116 882 3154 uumerus
893 3098 988 3184 possis.
1023 3098 1078 3152 Sed
1093 3100 1171 3170 plura
1185 3108 1255 3166 suut,

186 3184 237 3220 use
264 3167 359 3238 Ssrpio
383 3168 506 3222 videntur
530 3169 669 3232 mutanda,
702 3185 810 3239 quorum
835 3169 962 3238 duplicem
984 3167 1111 3224 rationem
1131 3170 1255 3224 ostendit.

119 3263 122 3268 ·
158 3185 246 3288 -irior
266 3235 330 3289 haec
351 3245 407 3303 est,
433 3257 462 3294 ea
483 3257 515 3292 ue
530 3237 710 3310 probabilior,
733 3239 898 3292 Scrutabitur
911 3237 977 3293 miti
990 3239 1034 3291 otte
1046 3247 1204 3309 praeceptor
1221 3268 1255 3280 —

167 3305 311 3369 nominum,
328 3325 395 3375 quiae
408 3305 455 3376 (eii
465 3257 551 3362 douc
564 3308 640 3360 Voss.
657 3324 723 3362 omn.
737 3307 828 3360 (iucif.
844 3309 924 3364 Goth.
938 3312 967 3360 et
979 3307 1040 3361 edd.
1054 3307 1152 3377 antiqq.
1169 3307 1273 3376 Vulgo.

167 3374 314 3437 nominum
337 3384 369 3430 ut
388 3378 469 3447 muas)
487 3395 518 3430 es
536 3377 628 3430 hatita
647 3405 683 3440 -,-
702 3379 850 3443 fecsruats‘
865 3379 910 3430 uti
930 3377 970 3444 (in
989 3375 1254 3448 quibusnamiuibus)

168 3445 220 3498 erit
236 3473 272 3485 -
289 3445 421 3503 Scauri.
459 3448 584 3529 Tatioque
596 3446 615 3498 i.
623 3447 651 3498 ὀ.
666 3445 732 3498 talia
747 3463 852 3516 quoque
872 3445 996 3514 (sublatis
1016 3447 1152 3500 verborum
1164 3448 1208 3500 uti
1219 3451 1273 3494 -.-'

136 3519 141 3532 ⁸
167 3514 286 3582 tutisque
304 3513 386 3584 siguis
406 3513 611 3585 parentheticis)
635 3523 661 3568 et
681 3533 758 3567 cu-
779 3523 806 3568 ct
826 3517 1004 3569 Postumus
1028 3521 1056 3568 ot
1085 3515 1255 3586 Vopiscus

105 3611 108 3616 ,
167 3591 259 3636 ussat:
276 3585 443 3637 etesiis-
460 3587 597 3645 uosuiuuts
620 3585 689 3636 unde
708 3584 763 3636 iaus
780 3611 821 3622 ...
835 3584 960 3636 Serani
975 3591 1051 3637 muts
1074 3592 1101 3640 st
1123 3603 1154 3638 es
1172 3587 1255 3640 uariis

168 3653 261 3704 cauus.
297 3651 327 3704 Iu
347 3655 538 3723 usnspoaeudo
557 3649 657 3706 nomine
683 3653 806 3722 Vopiscus
827 3652 850 3705 1.
865 3652 910 3706 Fr.
924 3647 1053 3706 Gronovii
1073 3655 1254 3709 auctoritatem

167 3725 272 3774 secutos
292 3727 342 3777 est.
376 3722 467 3776 Altera
484 3723 566 3792 rutios
595 3721 762 3774 Scrutabitur
777 3739 829 3774 uon
846 3723 1062 3792 itteprueceptus·
1073 3729 1256 3792 -ssccrunts
1281 3743 1298 3758 ἰ

165 3790 218 3843 nisi
230 3792 289 3855 crit,
307 3791 407 3860 reliqua
422 3793 456 3846 ad
470 3792 581 3862 priorem
594 3788 720 3844 radonem
733 3789 906 3860 mitigantur.
924 3789 968 3845 Cf.
981 3793 1066 3864 Serpa
1079 3793 1164 3864 Epist.
1176 3809 1202 3861 p.
1211 3793 1253 3846 16·

93 3915 96 3922 ,
164 3929 187 3982 Λ
236 3861 459 3986 δέὃὶὲιυπὶιον]
477 3860 565 3926 Quint.
583 3858 687 3916 videtur
699 3859 845 3932 respexisse
858 3861 934 3931 Virg.
949 3861 1050 3932 Georg.
1063 3861 1100 3926 Η,
1114 3861 1178 3916 125.
1195 3875 1253 3934 mox

187 3946 230 3984 en.
281 3967 289 3992 ,
341 3934 366 3986 9.
546 3981 549 3990 ,
740 3967 742 3975 ι

235 4001 252 4064 5
269 4001 312 4054 28.
330 3999 440 4071 Fictor]
470 3998 530 4052 Vid.
547 3999 611 4052 Ter.
625 3997 707 4053 Andr.
727 3995 749 4063 Ι,
769 3999 793 4064 1,
813 4000 872 4054 102.
888 4027 923 4038 -
941 3997 1073 4052 Panditur
1090 4000 1141 4048 etc.
1161 3993 1253 4066 legun-

160 4075 210 4124 tur
222 4065 299 4136 virg.
313 4071 378 4122 Aen.
391 4069 426 4135 X,
447 4072 473 4124 1.
492 4077 519 4121 et
533 4084 645 4139 sequeus
659 4085 731 4121 vers.
745 4074 785 4122 est
798 4067 889 4135 Eclog.
903 4065 925 4129 1,
941 4069 983 4118 11.
1002 4067 1043 4122 12

234 4140 312 4204 528.
325 4146 352 4192 et
363 4154 469 4208 campus
480 4140 595 4194 moritus·
614 4145 641 4193 u
659 4155 732 4194 mara
750 4135 913 4212 nauigatur]
936 4130 1135 4264 sicggzffldm
1149 4131 1267 4186 videtur·
