2738 4442
130 131 195 202 221
359 68 365 83 ⁸
408 127 450 190 M.
477 125 575 188 FAB.
604 123 925 196 QUINTlLlANI

132 303 196 344 cero
215 299 342 362 pugnare
362 283 480 342 invicem
498 281 630 340 ostendit.
674 279 730 339 Sed
751 285 799 354 tu,
825 280 903 353 Atti,
932 279 1098 355 tumidam,
1119 295 1220 353 curuo,

132 369 288 444 diligenter,
316 367 405 428 utrum
427 371 569 426 ceusna'um
590 365 721 424 iudicium
744 385 828 442 guae
847 365 914 424 uelis
931 386 1000 439 esse,
1030 385 1067 424 aa
1087 364 1221 440 *Egara

134 455 170 528 Si
180 452 314 528 Egnatii:
337 453 393 510 leue
406 459 461 525 est,
483 453 553 531 quod
574 469 688 508 remores
707 451 739 508 de
761 454 852 509 caerr's
868 451 1083 529 subscripserunt.
1125 436 1289 527 [prunetae

131 542 199 598 euim
212 536 380 613 Egnatium,
403 541 476 616 quera
496 544 526 595 tu
545 555 656 612 grauem
677 556 731 594 esse
751 539 809 609 uir,
832 541 971 600 aseaatu
985 539 1121 595 eiecerunt.
1166 533 1221 594 Sia

132 629 220 688 autur
241 625 400 696 censorium,
430 623 499 681 hunc
516 622 684 697 Egnatium,
707 639 781 699 quem
795 627 875 698 pater
895 625 1013 680 ceruum
1032 620 1222 698 aabseu'ptione'

132 706 318 780 exheredavit,
335 727 461 766 aeuum
483 712 513 765 ia
531 713 638 779 serrata,
669 725 728 766 cum
748 712 854 784 patrem
879 710 1015 781 eiicereat,
1044 710 1222 780 retinuerunt.
1254 725 1258 732 ·

90 794 182 852 alitia
195 794 284 870 magis
296 782 395 852 vitiose
409 794 553 866 dicuntur,
575 811 658 868 quam
670 797 752 850 acute
763 792 1017 870 reprehenduntur,
1036 795 1222 867 argumentum

111 947 115 954 ,
133 878 241 938 dubium
259 895 311 957 pro
329 879 502 952 necessario,
524 883 715 935 controversum
726 895 778 954 pro
791 879 933 952 confesso,
955 896 1086 936 commune
1098 875 1234 954 pluribus,

132 984 184 1044 pro
199 963 328 1046 propria,
348 962 479 1038 uulgare,
500 981 704 1040 superuacuum,
727 965 810 1020 sarria
823 967 1012 1036 castitatum,
1027 969 1119 1020 contro
1125 962 1221 1040 fideus.

132 1049 207 1110 Nam
226 1047 313 1106 stilla
327 1049 456 1106 accidunt
466 1067 564 1127 parum
577 1045 675 1120 cautis,
697 1053 729 1104 ut
741 1047 845 1106 crimen
859 1053 993 1125 augeant,
1011 1048 1088 1124 quod
1098 1048 1224 1126 proban·

133 1135 199 1194 dum
210 1139 269 1205 est;
290 1133 414 1191 de'facto
426 1135 586 1216 disputent,
609 1152 671 1190 cum
691 1131 727 1190 de
747 1137 860 1192 auctore
880 1140 1043 1209 quaeratur3
1063 1133 1223 1212 impossibi-

132 1219 170 1278 lia
184 1218 399 1295 aggrediantur3
419 1238 472 1296 pro
494 1217 602 1276 effectis
627 1216 784 1296 relinquant
803 1217 849 1276 vix
869 1219 936 1277 dum
955 1217 1099 1290 inchoata3
1120 1218 1156 1278 de
1168 1216 1223 1276 ho-

90 1306 208 1366 Simius
223 1305 332 1374 dicere,
354 1321 438 1378 quam
453 1305 490 1362 de
506 1321 590 1362 causa
604 1301 714 1374 malint3
735 1301 874 1361 hominum
887 1305 955 1362 vitia
967 1305 1049 1363 rebus
1063 1301 1220 1380 assignent,

119 1394 181 1461 ut,
203 1391 229 1447 si
240 1389 298 1466 quii
314 1386 517 1447 decemuiratum
531 1393 645 1462 mearet,
660 1407 712 1445 aaa
725 1387 858 1464 Appium
879 1380 1033 1448 manifestis
1046 1394 1221 1468 repugnent3

81 1537 87 1546 ,
133 1475 241 1548 dicant,
264 1473 341 1550 quod
356 1472 435 1533 aliter
454 1475 541 1554 accipi
558 1474 667 1552 possit3
688 1491 821 1532 summam
836 1475 1006 1550 quaestionis
1021 1493 1078 1534 uon
1091 1474 1285 1534 inumera
1356 1447 1357 1540 l

85 1563 88 1568 ’
133 1565 195 1632 trrr3
222 1578 279 1617 non
305 1557 343 1616 ad
364 1559 507 1637 proposita
533 1560 736 1638 respondeant:
764 1556 846 1633 quod
861 1579 945 1618 uuum
964 1559 1113 1636 aliquando
1133 1559 1222 1638 recipi

132 1643 242 1724 potest,
263 1663 325 1702 cum
337 1643 410 1720 mala
427 1659 510 1703 causa
520 1644 649 1703 adhibitis
667 1643 834 1702 extrinsecus
847 1645 976 1704 remediis
990 1644 1095 1702 tuenda
1109 1648 1168 1716 est,
1189 1651 1223 1702 ut

133 1747 193 1787 cum
209 1729 350 1806 peculatus
368 1749 429 1788 reus
447 1729 554 1805 Verres,
569 1729 683 1808 sortiter
702 1734 727 1786 et
747 1727 876 1788 industrie
894 1735 1002 1789 tutatus
1013 1731 1224 1808 coatrapiratas

135 1814 260 1873 Siciliam
273 1812 380 1872 dicitur.
410 1863 412 1868 .
583 1823 586 1829 '
918 1869 921 1872 .

17 1917 22 1924 ·
91 1907 126 1962 36
220 1898 328 1957 Eadem
342 1899 717 1970 adversuscontradictiones
729 1899 809 1958 nobis
824 1899 968 1979 oppositas
978 1903 1129 1979 praecepta
1142 1903 1224 1980 sunt:

134 1985 187 2044 hoc
195 1989 289 2044 tamen
301 1979 428 2063 amplius,
436 1985 513 2062 quad
523 1985 594 2044 circa
605 2003 651 2044 eas
660 1984 739 2044 multi
752 1986 859 2044 duobus
871 1984 944 2043 vitiis
957 1985 1071 2044 duetus
1083 1983 1221 2044 laborant.

61 2063 64 2070 ⁴
98 2097 103 2106 ·
126 2069 210 2130 'Nam
231 2069 343 2146 quidum
359 2071 442 2132 eham
462 2071 492 2127 in
509 2071 571 2128 toro
583 2076 717 2146 tanquam
730 2090 788 2130 rem
801 2070 945 2129 molestam
960 2075 990 2129 et
1000 2071 1127 2129 odiosam
1137 2088 1222 2148 prae-

133 2161 262 2229 tereunt,
285 2162 315 2214 et
333 2155 366 2213 iis
386 2155 572 2234 plerumque,
591 2175 663 2231 quae
683 2157 842 2234 composita
857 2155 941 2213 domo
962 2155 1129 2228 attidemnt,
1153 2174 1222 2213 con-

12 2271 16 2295 r
125 2242 223 2322 lepti,
244 2241 304 2299 sine
323 2241 481 2300 adversario
503 2241 609 2298 dicunt:
632 2247 662 2300 et
684 2240 787 2300 scilicet
807 2240 894 2300 multo
907 2239 996 2316 magis
1008 2241 1037 2298 in
1052 2238 1168 2313 scholis,
1189 2241 1221 2299 in

134 2323 234 2402 quibus
254 2344 312 2382 non
326 2324 415 2384 solum
433 2326 664 2384 contradictiones
681 2326 858 2400 omittuntur,
878 2344 973 2385 verum
990 2326 1073 2386 etiam
1086 2326 1221 2385 materiae

134 2412 212 2489 ipsae
231 2410 270 2468 sic
290 2409 452 2488 plerumque
470 2410 625 2486 tinguuntur,
646 2415 679 2468 ut
696 2411 766 2468 nihil
784 2412 839 2469 dici
858 2429 909 2488 pro
930 2409 1110 2489 partealtera
1121 2410 1221 2489 possit.

92 2494 189 2554 aretii
204 2494 349 2570 diligentia
361 2495 448 2572 lapsi,
468 2495 559 2553 verbis
573 2495 656 2554 etiam
670 2488 896 2555 vel'sententiolis
910 2497 1036 2555 omnibus
1048 2495 1237 2574 responden·-

135 2582 201 2641 dum
214 2586 324 2658 putant,
342 2581 418 2656 quod
434 2587 476 2640 est
490 2580 684 2654 et‘iniiuitum,
707 2587 736 2640 et
747 2600 962 2659 supervacuum
982 2600 1040 2640 nou
1050 2583 1127 2641 enim
1137 2597 1222 2639 causa

134 2665 360 2744 reprehenditur,
382 2666 433 2738 sed
453 2670 544 2724 actor:
567 2686 649 2743 quesn
668 2687 723 2744 ego
741 2685 853 2743 semper
870 2665 959 2725 videti
970 2666 1063 2724 malim
1077 2665 1221 2738 disertmo,

57 2743 63 2754 “
134 2757 177 2824 ut,
199 2751 223 2810 si
239 2750 341 2809 dixerit
354 2751 431 2833 qrrod
447 2751 488 2808 rei
507 2752 612 2827 prosit,
632 2751 738 2830 ingenii
760 2751 890 2810 credatur
908 2749 967 2809 laus
985 2742 1063 2826 esse,
1083 2771 1141 2810 non
1155 2769 1222 2809 cau-

92 2837 199 2895 38sae:
221 2835 245 2894 si
266 2837 338 2895 forte
358 2835 435 2912 quod
454 2835 560 2910 laedat,
582 2855 697 2911 causae,
719 2855 776 2894 non
792 2837 898 2912 ingenii
916 2835 1004 2914 culpa
1047 2835 1221 2913 ltaqueillae

135 2919 379 2998 reprehensiones,
401 2927 451 2980 aut
464 2921 654 2994 obscuritatis,
676 2921 764 2999 qualis
775 2923 805 2978 ia
818 2921 933 2980 Rullum
947 2928 1004 2993 est;
1025 2928 1073 2980 aut
1085 2921 1221 2981 infantiae
1230 2927 1283 2975 tri

49 3067 56 3074 ,
133 3006 162 3062 in
176 3005 310 3082 (licendo,
333 3005 420 3080 qualis
436 3009 465 3063 in
480 3004 619 3074 Pisonum·
640 3014 688 3065 aut
704 3007 829 3066 inscitiae
846 3026 936 3065 rerum
950 3008 1167 3083 verborumque,
1191 3013 1221 3066 et

83 3115 110 3152 ‚¹
134 3087 296 3168 insulsitatis
315 3089 414 3163 etiam,
439 3089 528 3166 qualis
549 3095 579 3148 ia
596 3091 739 3151 Antonium
760 3098 818 3166 est,
841 3092 932 3150 animo
955 3089 1055 3152 dantur
1074 3093 1129 3150 aut‘
1141 3092 1220 3150 iustis

37 3231 51 3246 ,
69 3207 74 3220 ·
134 3175 219 3237 odiis:
239 3181 358 3252 suntque
376 3173 457 3234 utiles
479 3177 516 3234 ad
536 3175 734 3237 conciliandum
747 3178 795 3252 iis,
818 3196 887 3254 quos
903 3177 1005 3236 invisos
1017 3179 1108 3236 secere
1124 3175 1221 3237 vulne·

93 3261 190 3334 sans,
213 3261 322 3319 odium.
362 3257 425 3320 Alia
442 3263 629 3343 respondendi
647 3263 772 3343 patronis
795 3263 881 3333 ratio;
909 3266 939 3320 et
957 3261 1105 3339 aliquando
1124 3269 1221 3336 tamen

135 3364 229 3404 eorum
248 3364 306 3403 non
329 3347 533 3421 oratiomodo,
557 3348 607 3407 sed
621 3352 682 3407 utta
700 3348 799 3421 etiarn,
820 3347 913 3420 uultur
934 3347 1071 3424 denique,
1090 3349 1228 3422 incessus,

134 3430 255 3506 habitas,
275 3437 349 3490 recte
362 3432 479 3490 incusari
489 3431 575 3490 solet:
596 3438 629 3490 ut
642 3434 772 3492 adversus
784 3432 929 3500 Quintium
942 3432 1059 3506 Cicero,
1075 3438 1138 3492 'non
1149 3431 1220 3491 haec
1356 3445 1357 3534 p

13 3541 14 3544 ¹
133 3516 239 3590 solum,
262 3515 308 3573 sed
319 3520 404 3594 ipsam
420 3520 500 3576 etiam
509 3523 677 3594 modestam
690 3518 830 3578 demissm
844 3517 881 3576 ad
894 3515 981 3592 talos,
1002 3517 1151 3580 insectatus
1168 3519 1221 3576 est.

126 3599 278 3670 ,Presserat
294 3603 367 3660 enim
377 3601 542 3663 turbulentis
553 3601 729 3662 concionibus
743 3603 902 3662 Cluentium
912 3601 1052 3672 Quintius.
1161 3641 1168 3656 s

92 3687 130 3745 lo
202 3682 428 3765 ‘Nonnunquam
454 3686 604 3747 devaudae
629 3688 750 3748 insidiae
774 3690 878 3765 gratia,
907 3707 980 3766 quae
998 3689 1122 3768 asperim
1142 3685 1220 3746 dicta

203 3837 277 3904 §35-
295 3835 415 3904 tutatus]
431 3835 478 3888 Sic
494 3837 583 3906 camp.
598 3854 654 3890 curn
667 3837 748 3890 Goth.
760 3837 840 3891 Andr.
853 3837 912 3892 rid.
929 3842 956 3890 at
969 3835 1029 3892 edd.
1050 3835 1155 3888 allusc.
1171 3849 1220 3886 us·

134 3923 186 3976 que
198 3907 232 3959 ad
242 3907 329 3960 Stoer.
350 3905 415 3958 ltern
428 3904 542 3974 Regius,
560 3908 742 3974 comprobante
756 3905 923 3976 Spaldingio,
948 3907 993 3976 qui
1010 3913 1095 3958 umen
1107 3920 1158 3956 uon
1169 3919 1220 3956 au-

74 4023 78 4032 ,
136 3991 183 4026 sus
200 3981 241 4028 est
259 3975 406 4044 relinquero
425 3973 555 4042 vulgatam
574 3975 665 4027 tuitus.
702 3975 811 4028 Videtur
821 3976 898 4028 etiam
915 3977 1028 4039 tumida,
1046 3973 1114 4042 quod
1129 3972 1220 4044 proxi·

63 4052 71 4067 ⁸
135 4059 202 4096 mum
216 4050 271 4108 est,
293 4043 427 4098 lectionem
442 4043 525 4096 tuitus
537 4041 696 4098 dissuadere.
730 4043 776 4098 De
790 4060 821 4098 re
836 4045 872 4098 ci.
884 4043 942 4098 Cic.
957 4045 1032 4098 Verr.
1046 4043 1079 4098 V.
1098 4047 1122 4100 i.
