2774 4444
160 195 224 260 188
255 257 257 268 ,
430 191 472 262 Μ..
495 187 932 292 Faa3QU1NT1L1AN1
997 214 1000 224 ·

159 347 215 408 alio
235 348 320 408 modo
338 346 398 407 lieri
417 350 525 425 potest,
547 343 757 422 qnamlongins
778 328 997 420 interrogatione
1014 344 1143 422 repetite.
1185 342 1248 404 ns-

160 434 309 512 spondebit
329 434 417 503 enim,
439 451 510 508 quae
530 450 631 491 nocere
649 447 749 489 causae
767 447 825 486 non
847 428 1038 487 arbitrabitur:
1066 425 1246 505 expluribus

160 519 276 592 deiude,
298 535 371 592 quae
389 518 530 575 consessus
551 516 620 588 erit,
642 533 676 573 eo
688 509 877 593 perdundae,
905 520 952 584 nt,
978 513 1056 588 quod
1076 513 1168 574 disere
1186 531 1247 572 non

118 603 231 675 18rnlt,
252 617 356 677 negare
370 619 426 659 non
438 603 534 680 possit
566 598 657 671 Nam,
678 600 751 656 utin
765 601 890 656 oratione
905 615 1001 676 sparsa
1014 595 1176 674 plerumque
1187 597 1248 656 eol·

158 687 267 764 ligimus
282 693 460 762 argumenta,
476 684 548 763 qu'ae
560 701 612 762 per
624 703 655 744 se
667 683 734 742 nihil
747 701 825 741 reum
838 701 991 758 aggravare
1003 683 1165 756 uideantur,
1178 701 1248 741 oon·

159 772 323 848 gregatione
343 771 444 830 deinde
463 789 558 830 eorum
582 770 686 827 factum
712 768 911 827 convincimus:
938 769 978 825 ita
992 766 1148 824 huiusmodi
1165 767 1248 827 testis

158 855 244 914 multa
259 857 297 915 de
307 859 454 928 anteactis,
475 855 561 913 multa
573 855 610 911 de
620 856 755 926 insecutis,
777 853 849 926 loro,
866 859 992 928 terrlpore,
1002 871 1133 928 perrorru,
1147 853 1247 910 ueteris

151 945 204 1024 ¹est
216 941 446 1016 interrogandus,
467 946 500 998 nt
512 941 542 996 in
557 937 669 1012 aliquod
681 955 843 1016 responsum
854 938 975 1008 ineidat,
989 942 1054 1015 post
1064 935 1191 1016 quodlllli
1200 937 1248 997 rel

80 1047 90 1076 a
113 1074 115 1079 .
158 1025 256 1099 fateri,
279 1024 502 1102 quaevolumns,
524 1041 637 1082 necene
652 1021 769 1095 sit„vel
787 1022 837 1096 iis,
860 1041 933 1098 quae
951 1023 1009 1079 iam
1025 1017 1140 1094 orient,
1162 1039 1249 1099 repu-
1353 1045 1356 1052 ¹

118 1117 151 1172 19
160 1127 255 1187 guare.
288 1110 322 1167 ld
335 1111 358 1170 si
376 1128 434 1168 non
446 1108 598 1183 contingit,
619 1107 753 1183 reliquum
765 1108 833 1180 erit,
854 1113 886 1164 ut
906 1127 970 1166 eum
988 1105 1064 1166 nolle
1076 1106 1168 1166 dicere
1183 1111 1248 1164 rna*

158 1195 290 1254 nitestum
303 1195 352 1253 sit:
373 1193 647 1271 protrahendasque,
667 1198 700 1250 ut
716 1192 744 1248 in
763 1190 873 1268 aliquo,
896 1193 973 1268 quod
985 1190 1031 1250 vel
1045 1197 1122 1250 exha
1134 1209 1246 1254 aarum

120 1295 124 1302 ’
158 1281 210 1351 sit,
239 1278 477 1355 deprehendatur:
505 1278 643 1336 tenendus
664 1277 748 1335 etiam
768 1276 888 1349 diutius,
916 1284 965 1349 nt,
994 1277 1088 1334 omnia
1104 1294 1140 1334 ao
1154 1275 1247 1354 plura,

158 1381 242 1440 quam
255 1381 300 1421 res
314 1363 469 1434 desiderat,
490 1381 541 1440 pro
555 1381 604 1420 reo
619 1361 752 1433 dieendo,
772 1368 916 1440 suspectus
930 1362 1013 1420 iudiei
1029 1361 1093 1419 fiat:
1115 1381 1172 1437 quo
1186 1379 1247 1419 non

116 1449 248 1511 tominns
261 1448 388 1520 nocebit,
413 1466 496 1525 qnam
509 1448 534 1504 si
545 1465 612 1504 vera
624 1447 654 1504 in
666 1465 743 1504 reum
756 1447 877 1505 dixisset
906 1446 960 1520 At,
982 1447 1004 1504 si
1015 1445 1109 1522 (quod
1122 1446 1246 1504 secrrndo

157 1533 219 1591 loco
232 1533 363 1608 diximus)
380 1535 477 1590 waiet
490 1537 580 1605 actor,
602 1532 671 1607 qnid
686 1532 824 1609 propositi
842 1532 923 1590 iestis
943 1531 1081 1590 attulerit:
1101 1530 1246 1609 paulatim,
1328 1533 1331 1538 '

45 1639 47 1644 ·
157 1623 204 1691 et,
223 1623 256 1675 ut
269 1618 384 1688 dieitur,
406 1617 578 1696 pedetentim
591 1617 789 1691 interrogando
809 1618 966 1694 experietur
983 1616 1105 1674 animum
1117 1615 1193 1688 eius,
1212 1621 1245 1674 et
1255 1629 1305 1674 aaa

45 1737 50 1744 ·
115 1710 148 1764 :r
158 1705 195 1760 ad
207 1703 237 1760 id
250 1721 426 1780 responsum,
440 1703 517 1780 qnod
531 1701 693 1786 eliciendum
707 1702 775 1772 erit,
796 1719 848 1778 per
859 1703 962 1776 graduis
975 1701 1066 1760 ducet.
1087 1701 1162 1773 Sed,
1175 1700 1245 1775 qnia

114 1857 115 1868 χ
157 1804 353 1862 nonnunquam
366 1792 431 1844 sunt
450 1788 501 1844 hae
515 1803 625 1862 quoqne
639 1785 751 1843 testium
765 1791 855 1857 artes,
876 1791 908 1843 ut
920 1786 1011 1863 primo
1022 1785 1061 1844 ad
1072 1785 1244 1844 voluntatem
1259 1827 1262 1832 Δ

157 1871 361 1950 respondeant,
392 1889 449 1946 qno
468 1871 573 1928 maime
592 1869 649 1928 fide
669 1871 778 1928 diversa
795 1875 894 1948 postea
914 1871 1022 1930 dicant:
1051 1876 1095 1928 est
1114 1869 1244 1943 oratoris,

156 1960 314 2035 suspectum
328 1960 443 2029 testem,
466 1956 532 2014 duna
548 1955 679 2033 prodet,
701 1954 848 2017 dimittere.
1249 1961 1252 1969 '

115 2049 150 2104 m
242 2039 427 2100 Patronorurn
445 2041 474 2098 in
490 2046 573 2120 parte
591 2039 752 2117 expeditior,
772 2042 802 2098 iu
815 2045 896 2118 parte
909 2037 1045 2116 difficilior
1060 2039 1243 2115 interrogatio

157 2131 209 2186 est.
251 2123 398 2202 Difficilior
417 2127 485 2198 hoo,
506 2126 657 2202 quodraro
671 2145 793 2201 unquam
806 2130 926 2203 possunt
937 2130 1004 2182 aute
1019 2124 1148 2182 iudieirnn
1161 2125 1242 2198 noire,

157 2212 226 2289 qnid
244 2213 326 2270 testis
341 2213 464 2270 dicimus
483 2212 534 2283 sit:
559 2209 723 2288 expeditior,
753 2212 844 2287 qnod,
873 2229 935 2268 curn
953 2209 1168 2286 interrogandus
1188 2213 1243 2284 est,

114 2293 262 2366 hamunt,
284 2296 353 2372 quid
365 2297 472 2355 dixerit
513 2295 628 2371 ltaque,
649 2297 726 2372 quod
742 2296 771 2351 in
790 2297 971 2354 edissertum
989 2299 1048 2366 est,
1069 2313 1137 2354 aura
1153 2300 1183 2354 et
1198 2294 1244 2352 in·

157 2380 305 2457 quiritione
327 2398 397 2456 opus
417 2385 477 2452 est,
498 2380 559 2455 quis
575 2397 653 2437 mum
671 2377 801 2456 premoti
828 2399 913 2456 quas,
937 2383 967 2437 εὶ
980 2380 1082 2454 quihus
1102 2397 1137 2440 ex
1154 2378 1242 2438 tamis

52 2485 58 2494 ·
123 2500 130 2508 ·
156 2463 308 2522 inimicitias
327 2462 451 2526 habenti
479 2481 568 2539 eaque
584 2463 614 2520 in
633 2465 759 2524 oratione
776 2463 962 2541 praedicenda
978 2468 1066 2540 atque
1085 2463 1243 2524 molienda

107 2565 117 2619 ᾖ
148 2555 235 2626 ¹sarit,
255 2550 314 2610 sive
333 2550 398 2607 odio
417 2549 552 2608 conflatos
569 2553 672 2622 testes,
693 2547 752 2606 sive
773 2549 891 2621 invidio,
914 2549 975 2607 sire
992 2549 1098 2624 gratia,
1120 2549 1178 2608 sire
1191 2567 1242 2626 pe·

157 2636 253 2710 onnia,
274 2635 362 2694 rideri
374 2634 508 2692 volumus.
550 2631 603 2704 Et,
625 2634 648 2690 si
659 2632 805 2694 deficietur
822 2650 1014 2710 numeropars
1026 2634 1150 2707 divona,
1166 2653 1241 2710 pou·

156 2722 281 2789 citatem:
308 2720 332 2776 si
351 2719 520 2791 abundabit,
543 2720 776 2796 conspirationem:
804 2720 827 2777 si
844 2719 960 2778 humiles
978 2719 1127 2795 produoet,
1145 2719 1242 2778 uilite-

89 2807 90 2812 ’
114 2810 224 2873 titan:
245 2805 268 2862 si
287 2809 435 2882 potentes,
456 2806 575 2879 gratiam
589 2803 729 2881 oportebit
741 2805 896 2864 incessere.v
930 2802 1102 2863 Plustamen
1116 2804 1243 2882 proderit

156 2907 268 2960 sauses,
288 2894 484 2966 propterqnas
496 2908 574 2948 reum
586 2887 712 2960 laedant,
734 2908 885 2966 exponere:
908 2905 981 2964 quae
999 2894 1065 2946 sunt
1080 2890 1190 2963 variae,
1210 2893 1243 2948 et

81 3035 85 3042 ,
155 2992 206 3051 pro
220 2973 379 3032 conditione
393 2975 526 3048 cuiusque
542 2972 598 3030 litis
613 2979 663 3032 aut
675 2973 831 3048 litigatoris.
873 2972 949 3032 Nam
968 2979 1063 3032 eontra
1082 2972 1148 3047 illa,
1165 2991 1240 3051 quae

120 3053 122 3059 ’
155 3075 239 3136 supra
252 3057 384 3129 diximus,
400 3057 480 3116 simili
492 3057 600 3116 ratione
612 3059 774 3135 responderi
785 3059 852 3116 loeis
864 3058 1052 3130 eommuribus
1065 3058 1151 3118 solet:
1172 3059 1239 3136 qnia
1249 3065 1302 3110 ⁸⁸8

156 3147 187 3202 et
205 3142 235 3199 in
254 3143 349 3220 paucis
368 3145 458 3218 atque·
471 3140 617 3200 humilibus
642 3148 784 3201 aecusator
807 3143 979 3221 simplicitate
1000 3141 1114 3218 gloriani
1133 3149 1239 3222 potest,

13 3291 14 3296 χ
155 3227 233 3306 quod
249 3227 388 3287 naamam
406 3232 518 3304 praeter
534 3245 599 3300 eos,
621 3227 668 3303 qni
679 3229 787 3305 possint
804 3230 888 3302 scire,
910 3229 1073 3306 quaesierit:
1095 3233 1125 3290 et
1136 3227 1239 3290 multos

114 3313 243 3392 tiatqne
261 3311 393 3372 honestos
410 3313 604 3372 commendare
621 3311 764 3388 aliquanto
785 3319 828 3372 est
847 3315 961 3374 facilius.
1003 3312 1107 3372 Venrrn
1128 3313 1239 3380 interim

157 3404 187 3458 et
206 3397 344 3474 singulos,
371 3403 403 3454 ut
421 3416 569 3470 exornare,
594 3397 639 3455 ita
658 3398 802 3457 destruere
818 3400 969 3475 oontingit,
997 3402 1048 3456 aut
1066 3397 1189 3458 sedatis
1206 3397 1238 3458 in

155 3481 279 3555 actione,
300 3488 349 3541 ant
366 3482 511 3540 nominatis
529 3481 654 3540 testibus.
697 3481 782 3549 Quod
794 3485 827 3541 iis
839 3484 1025 3560 temporibus,
1046 3481 1146 3557 quibus
1157 3481 1238 3541 testis

155 3584 212 3624 non
228 3569 294 3644 post
314 3566 405 3626 linitas
425 3567 548 3626 actiones
569 3567 735 3646 rogabatur,
761 3573 792 3626 et
808 3567 913 3628 facilius
935 3574 963 3627 et
981 3567 1154 3642 frequentius
1173 3566 1237 3624 fuit.

156 3649 234 3718 Quid
253 3655 347 3710 nutem
368 3652 398 3710 in
410 3669 547 3728 quemque
560 3651 836 3716 testimodieendnm
848 3653 901 3726 sit,
923 3653 992 3712 suni
1005 3647 1057 3710 nisi
1071 3650 1237 3730 exipsonnn

113 3736 349 3812 26personisnon
361 3741 465 3813 potest
506 3733 642 3811 Reliquae
655 3737 845 3812 interrogandi
863 3743 928 3796 sunt
940 3741 1042 3816 partes.
1086 3734 1190 3804 Quoia
1204 3754 1237 3796 re

154 3820 272 3898 primum
291 3826 349 3894 est,
369 3839 443 3878 nosse
459 3824 570 3887 testeris:
592 3837 656 3877 nam
671 3820 785 3879 timidus
805 3823 917 3894 terreri,
938 3817 1159 3898 stnhns·‘deoipi,
1179 3820 1238 3876 ira-

154 3906 259 3964 cundus
272 3906 418 3978 concitari,
436 3904 595 3963 ambitiosus
608 3903 713 3977 inflari,
736 3903 835 3982 longus
846 3905 970 3984 protrahi
981 3910 1092 3986 potest:
1111 3903 1235 3981 prudens
1244 3922 1300 3972 884

153 4004 220 4046 vero
231 3995 260 4048 et
272 3995 416 4062 constans,
435 3985 479 4046 vel
498 3993 632 4063 tanquam
649 3988 772 4047 inimirxrs
791 3995 821 4048 et
838 3991 966 4068 perrioox
984 3989 1164 4050 dimittendus
1177 3995 1236 4048 sta·

153 4069 221 4146 din,
240 4071 285 4130 vel
304 4091 360 4131 non
381 4071 617 4146 interrogatione,
636 4072 686 4130 sed
709 4072 786 4132 hreri
806 4073 1018 4136 interloeatioue
1035 4073 1146 4152 patroni
1157 4074 1235 4134 resn-
