2788 4452
132 187 185 250 ,20
238 269 269 294 ,.
330 173 336 182 ’
422 143 932 276 .sr.sso.ob1nr1Lm-n1
1005 219 1010 230 ,

75 398 80 408 ,
141 337 303 400 tractandus
320 338 509 398 sitdiscentis
527 338 643 396 ammas.
687 318 762 396 Saul
778 338 906 414 quidam,
934 335 989 399 nisi
1008 338 1160 416 institeris,
1182 363 1227 404 re·
1316 325 1322 336 .

44 415 54 456 ¹·
142 427 232 484 missi:
255 424 367 500 quidam
379 425 495 501 imperia
506 425 697 498 indignantur:
721 424 857 500 quosdam
869 424 995 490 eontinet
1009 433 1117 500 metus,
1141 448 1226 506 quos·

87 573 89 578 ¹
143 513 205 568 dam
219 509 361 567 debilitat:
384 509 453 567 alios
466 509 638 567 continuatio
649 509 790 581 extundit,
812 509 842 566 in
860 507 921 565 aliis
938 508 1001 584 plus
1013 503 1135 588 impetus
1148 515 1224 572 facit.

31 635 38 642 .
94 643 100 648 .
116 591 212 654 reum
224 593 271 652 ille
283 595 366 652 detur
377 613 462 671 puer,
485 613 568 669 quem
580 593 643 657 laus
658 595 776 666 excitet,
798 609 881 669 quern
898 591 987 668 glorie
1005 596 1102 668 iuvet,¹
1126 598 1173 674 qui
1184 599 1224 656 vi-

140 687 202 740 ctus
214 681 290 737 tleat.
319 679 375 736 Hic
386 680 440 744 erit
453 679 569 738 alendus
581 681 702 750 ambitu,
724 679 796 736 huno
805 678 945 738 mordebit
957 679 1130 758 obimgetio,
1153 675 1225 744 hunc

139 764 383 835 honorexcitabit3
404 765 433 822 in
446 763 645 824 hocdesidiarn
658 783 798 840 nimquam
807 765 932 822 verebor.
1181 827 1189 835 ,

114 843 146 915 δ’
223 848 325 908 Danda
348 855 393 907 est
413 855 509 908 tamen
532 851 659 908 omnibus
679 849 771 926 aliqua
789 849 933 920 remissi03
953 867 1015 906 uon.
1030 849 1136 926 solum,
1160 854 1225 928 quia

13 928 18 933 ’
83 985 84 990 ,
138 927 213 1016 nulla
236 952 280 992 res
300 939 361 1006 est,
391 953 464 1010 quae
484 937 608 1012 perferre
626 936 719 1012 possit
737 935 896 992 continuum
917 935 1059 1009 laborem,
1081 942 1167 1013 atque
1190 952 1264 997 ease
1388 975 1389 986 ³

139 1038 264 1095 quoque,
287 1038 359 1095 quae
371 1039 456 1077 sensu
472 1026 501 1080 et
514 1018 605 1078 anirna
621 1026 730 1091 carent,
753 1025 785 1077 ut
806 1039 916 1078 servare
934 1021 988 1078 vim
1004 1041 1082 1095 suam
1100 1018 1221 1099 possint,
1270 1014 1274 1019 ⁸
1321 1028 1324 1032 '

137 1105 213 1164 velut
225 1104 333 1164 alterna
350 1105 444 1179 quiete
457 1107 655 1164 retenduntur:
682 1106 733 1162 sed
748 1107 823 1180 quod
842 1106 965 1180 studium
982 1107 1108 1164 discendi
1125 1108 1222 1166 voluu—
1388 1107 1389 1116 ’

111 1195 210 1262 9tate,
230 1209 301 1266 quae
316 1191 451 1264 ‘coginon
466 1197 572 1267 potest,
594 1195 713 1249 constat.
747 1189 846 1265 Itaque
864 1196 893 1248 et
904 1191 1005 1272 virium
1020 1190 1082 1270 plus
1102 1193 1222 1258 afferunt
1311 1257 1313 1262 ,
1369 1187 1372 1194 ’

136 1276 173 1334 ad
193 1276 354 1334 discendum
374 1277 509 1356 renovatix
521 1296 562 1334 ac.
575 1282 717 1350 recentes,
741 1281 770 1333 et
789 1274 922 1334 aeriorem
942 1277 1070 1348 animum,
1093 1277 1140 1352 qui
1161 1279 1221 1344 fere

95 1375 129 1424 10
135 1361 350 1419 necessitatibus
364 1367 512 1438 repugnat.
555 1361 618 1420 Nea
629 1381 674 1418 me
689 1361 840 1418 offendent
854 1359 930 1419 lusus
948 1361 1104 1437 inpueris3
1130 1368 1175 1420 est
1190 1368 1220 1420 et
1300 1429 1303 1436 Δ

135 1445 188 1504 hoc
209 1448 319 1522 signum
341 1439 507 1504 alacritatis:
536 1465 627 1522 neque
654 1432 728 1504 illum
747 1445 858 1504 tristem
881 1465 1047 1522 semperque
1069 1447 1219 1504 demissum
1263 1473 1272 1484 ἰ

10 1548 13 1557 ’
45 1547 48 1552 ·
136 1551 247 1608 sperare
262 1551 377 1609 possum
391 1537 500 1590 erectae
513 1533 583 1590 circa
596 1533 689 1590 studia
703 1532 804 1590 mentis
817 1533 892 1602 sore,
916 1550 976 1588 curn
990 1531 1018 1588 iu
1031 1531 1085 1592 hoc
1099 1551 1219 1608 quoque,

19 1683 22 1688 ,
93 1619 250 1677 llmaxime
267 1615 385 1679 naturali
406 1617 544 1675 aetatibus
570 1617 639 1689 illis,
670 1618 777 1694 impetu
802 1618 900 1674 iaceat
943 1615 1047 1674 Modus
1067 1622 1161 1676 temen
1183 1618 1220 1676 sit
1311 1675 1316 1686 ,

29 1693 34 1702 ’
132 1703 356 1773 remissionibus,
386 1721 422 1760 ue
449 1703 612 1760 antediem
634 1703 788 1760 studiorum
810 1702 914 1758 faciant
933 1707 1069 1775 negatae,
1100 1708 1156 1780 aut
1169 1703 1220 1762 otii
1388 1693 1389 1702 ¹

60 1833 62 1839 Α
132 1787 361 1846 consuetudinem
374 1787 483 1846 niurias.
527 1788 601 1845 Sunt
624 1788 709 1846 etiam
722 1785 845 1845 nonrmlli
862 1787 998 1845 emendis.
1008 1805 1156 1863 puerorum
1175 1789 1219 1846 iu-

133 1873 223 1949 geniis
237 1891 294 1930 non
309 1871 421 1930 inutiles
436 1869 527 1945 lusus,
540 1892 600 1930 cum
616 1873 718 1948 positis
734 1873 848 1931 invicem
862 1872 994 1947 cuiusque
1010 1874 1121 1946 genera
1134 1893 1218 1948 quae·

91 1958 276 2016 12stiunculis
296 1957 477 2016 aemulantur.
520 1957 616 2016 Mores
639 1977 750 2034 qnoque
766 1979 796 2018 se
811 1959 885 2016 inter
897 1956 1047 2016 ludendum
1066 1958 1217 2036 simplicius
1247 2027 1250 2038 v

126 2035 283 2120 detegunt:
308 2044 392 2102 modo
406 2043 483 2103 nulla
502 2045 727 2111 videaturaetas
745 2051 803 2102 tam
822 2043 947 2116 infirma,
976 2061 1047 2118 quae
1072 2035 1132 2099 iren
1151 2062 1217 2118 pro-

130 2130 237 2202 tinus„
252 2129 321 2204 quid
346 2136 451 2190 rectum
472 2149 640 2208 pravumque
663 2130 715 2203 sit,
747 2131 857 2201 discat3-
881 2135 942 2188 turn
958 2127 1002 2194 vel
1021 2126 1139 2196 maxime
1159 2129 1216 2184 for-

130 2215 247 2287 manda,
271 2235 330 2272 cum
350 2215 497 2274 simulandi
514 2217 607 2274 nescia
620 2221 680 2288 est,
702 2221 733 2274 et
745 2215 977 2293 praecipientibus
990 2213 1119 2272 facillime
1132 2213 1215 2272 cedit.

50 2340 54 2346 ι
129 2300 257 2375 Frangas
275 2301 349 2358 enim
363 2301 462 2373 citius,
486 2321 567 2376 quam
589 2302 711 2374 corrigas
721 2307 738 2372 ,'
757 2321 829 2375 quae
846 2302 875 2358 in
888 2319 1004 2377 pravum
1023 2300 1215 2358 induruerunt.
1253 2365 1254 2372 ἵ
1348 2299 1351 2304 ’

89 2383 121 2436 13
129 2385 260 2443 Protinus
275 2403 359 2460 ergo,
382 2407 418 2444 ne
431 2387 498 2462 qnid
510 2386 627 2462 cupide,
651 2404 687 2442 nc
702 2385 770 2459 quid
781 2385 921 2460 improbe,
944 2384 1061 2459 nequid
1077 2385 1216 2461 impoten-

129 2477 173 2554 ter
188 2471 288 2543 saciat,
311 2473 465 2532 mouendus
485 2477 530 2530 est
542 2490 612 2550 puer
619 2491 630 2548 :v
648 2470 861 2545 habendumque
875 2471 904 2526 iu
917 2469 1008 2526 auimo
1022 2487 1135 2547 semper
1148 2469 1216 2528 illud

126 2555 322 2634 Virgilianum:
644 2607 646 2611 .
790 2561 797 2578 '

335 2643 408 2702 Adeo
428 2646 457 2700 in
478 2648 574 2703 teneris
595 2658 756 2702 consuescere
777 2640 888 2700 maltum
909 2643 955 2696 est.

86 2731 119 2790 14
214 2728 303 2788 Caedi
315 2749 380 2788 vero
395 2731 551 2804 discentes,
574 2749 731 2809 quanquam
744 2734 774 2787 et
786 2732 929 2806 receptum
942 2724 981 2781 sit
996 2728 1026 2783 et
1040 2721 1214 2801 Chrysippus
1224 2727 1256 2771 ³⁶
1330 2724 1335 2732 '

126 2834 184 2872 non
198 2814 355 2892 improbet,
378 2815 489 2876 minime
510 2817 608 2891 velim,
639 2817 776 2895 primum,
798 2813 864 2889 qnia
878 2813 1001 2870 deforme
1017 2815 1101 2886 atque
1116 2807 1215 2893 servile

127 2905 187 2971 est,
218 2905 248 2956 et
270 2906 345 2958 certe
365 2891 456 2975 (quod
474 2904 614 2974 convenit,
639 2904 664 2960 si
688 2907 809 2966 aetatem
829 2898 934 2971 mutes)
961 2897 1073 2965 iniuria3
1102 2895 1214 2966 deiude,

125 2985 216 3059 quod,
240 2983 264 3039 si
280 2984 323 3064 cui
340 2989 399 3042 tam
414 2991 459 3042 est
478 3003 558 3042 meus
580 2986 737 3057 illiberalis,
759 2990 791 3041 nt
805 2983 998 3056 obiurgatione
1019 2991 1076 3036 no'n
1092 2979 1214 3054 corriga-

125 3074 186 3139 tur,
213 3069 238 3123 is
253 3067 338 3124 etiam
353 3070 391 3125 ad
409 3066 524 3145 plagas,
547 3077 579 3128 ut
598 3071 720 3148 pessima
736 3086 862 3145 quaeque
880 3065 1033 3140 mancipia,
1053 3064 1213 3134 durabitur3

124 3160 266 3232 postremo
286 3153 362 3229 quod
380 3173 418 3212 ne
437 3174 508 3232 opus
530 3157 584 3214 erit
605 3155 718 3232 quidem
739 3154 802 3219 hac,
814 3150 1014 3226 castigatione,
1040 3149 1063 3206 si
1083 3150 1212 3208 assiduus

162 3369 166 3374 ·
186 3343 211 3406 -§
226 3341 253 3394 9.
266 3340 393 3394 acriorem
405 3338 538 3406 animum]
564 3337 690 3392 Genssler
703 3338 751 3406 (ν.
766 3337 863 3391 Arabio
873 3339 924 3402 sris·
939 3333 1087 3404 Philologia
1099 3353 1125 3387 u.
1141 3336 1211 3388 Pae·

126 3410 192 3478 da'g.
212 3410 369 3480 lreraasgeg.
390 3407 840 3470 aonSccbodc.Hildaeb.182¹l.l,
859 3411 883 3462 1¹.
900 3424 926 3475 p·
946 3405 1019 3468 149.)
1040 3405 1211 3473 reponendum

49 3533 54 3540 ,
125 3495 183 3530 esse
194 3479 468 3532 coniicit-alacriorem
482 3480 596 3532 animum
605 3495 689 3540 ,cum
703 3477 892 3547 oppositionem
911 3475 960 3528 sibi
980 3473 1053 3528 visus
1067 3484 1138 3528 esset
1151 3475 1176 3526 h.
1191 3473 1208 3526 l.
1302 3499 1306 3507 ·

99 3551 102 3558 '
124 3548 326 3615 deprehendisse
347 3551 437 3601 horum
452 3549 572 3612 duorum,
595 3554 624 3601 ut
636 3548 736 3616 possint
752 3547 882 3600 discentes
897 3543 1010 3598 laborem
1026 3543 1158 3611 perterre,
1181 3549 1209 3595 et

124 3625 152 3668 ut
163 3618 252 3669 velint.
280 3618 345 3670 Voei
359 3620 454 3671 uirium
466 3618 547 3686 igitur
563 3635 621 3670 esee
635 3617 811 3688 opponendum
828 3618 862 3668 de
874 3616 1007 3668 voluntate
1020 3629 1070 3664 nou
1083 3613 1213 3674 aerioma,
1317 3653 1320 3660 .

124 3685 170 3737 sed
183 3687 346 3738 alacriorem.
364 3689 530 3740 Accedebant
541 3690 622 3740 verba
636 3705 708 3756 seqq.
717 3696 755 3740 est
765 3695 793 3739 a
807 3687 854 3738 bac
867 3690 916 3739 ret
935 3686 970 3736 At
979 3697 1041 3734 vero
1053 3679 1166 3747 neglexit
1175 3679 1208 3764 V:

123 3754 164 3838 ll.⁸
182 3757 331 3838 verbaque·
348 3759 410 3822 sere
432 3764 483 3810 cet.
503 3765 531 3820 et
552 3756 714 3810 alacritatem
737 3773 789 3809 uon
810 3773 868 3808 esse
890 3750 1047 3814 voluntatis,
1081 3748 1128 3801 sed
1146 3748 1209 3804 elau

93 3875 97 3884 ,
122 3841 211 3878 enimi.
1063 3843 1065 3850 ·

192 3897 208 3958 ἓ
226 3895 267 3949 13.
286 3893 478 3964 Virgiliaaam]
497 3895 595 3964 Georg.
608 3895 645 3958 ll,
661 3895 722 3950 272.
1203 3949 1207 3958 ,

191 3967 208 4027 8
223 3962 262 4018 14.
277 3965 345 4032 quod
361 3967 495 4024 conuenit,
512 3966 536 4016 si
551 3973 667 4018 aetatem
678 3961 777 4028 mater]
795 3961 880 4030 Saepe
893 3958 968 4014 Anal.
983 3975 1009 4028 p·
1020 3960 1063 4014 28.
1077 3958 1141 4013 brec
1150 3977 1210 4014 rer·

122 4029 156 4082 bu
172 4031 253 4098 siguis
269 4034 387 4101 parenth.
405 4034 462 4086 vult
473 4032 583 4096 includi,
602 4039 726 4100 reeteque
736 4032 941 4100 iuterpretatur:
954 4027 1042 4100 idque
1054 4029 1148 4084 nemini
1159 4030 1208 4082 du-

122 4097 192 4151 bium
208 4101 262 4154 erit
272 4109 324 4170 (sc.
338 4103 459 4156 iniuriam
473 4103 544 4170 esse)
565 4102 587 4154 si
599 4093 708 4156 iuvenes
724 4101 855 4155 nutritos
870 4099 945 4154 caedi
958 4100 1087 4170 posueris.
