2774 4444
116 223 121 230 ·
158 191 249 258 ΗΒ
308 259 311 264 ,
444 183 611 271 ΒΒΔΒ
634 111 1007 255 obstrusum

132 347 151 402 5
242 333 419 404 Suntautem
429 295 659 421 propositioneoet
672 337 821 418 simpls',cer
835 343 866 398 et
878 337 1005 438 duplices*
1008 335 1053 397 rel
1065 336 1244 417 multiplicem

63 499 70 508 Ι
159 429 236 506 qnod
257 427 357 486 accidit
372 447 430 486 non
450 445 506 486 uno
525 425 619 484 modo.
661 423 736 483 Nem
752 428 782 483 et
793 421 874 503 plura
888 423 1179 500 misninoiunuuntur3
1199 430 1244 499 ut,
1368 425 1369 484 l

160 531 221 574 cum
242 512 367 572 Socrates
386 515 530 582 uecmolm
547 514 604 584 ert,
626 508 695 588 quod
715 513 888 586 corrumperet
906 510 1082 582 ruomtutem,
1113 514 1139 568 et
1160 528 1245 568 nocue
1368 509 1369 514 ’

159 600 355 676 superstitiones
368 595 559 656 introduceret:
569 601 611 654 —et
624 586 733 669 singule
746 593 913 674 expluribus
926 551 1114 668 colliguutdr3
1127 599 1170 666 ut,
1184 613 1244 652 cum
1368 649 1369 660 ,

160 683 261 758 legatio
279 681 348 744 mnis
363 687 441 758 gem
463 681 589 741 obiicitur
599 679 739 753 numm,
760 677 830 757 quod
840 683 963 738 mentitus
976 682 1029 750 sit,
1051 677 1121 756 quod
1132 679 1244 738 musteo

48 837 53 844 ,
134 765 414 842 bmoordctisfccerit,
438 767 508 844 qood
521 767 644 825 moretur
653 767 705 837 rit,
728 763 797 842 quod
808 781 916 828 munero
930 764 1070 840 occeperit
1084 759 1245 822 Remotio

46 865 51 874 ’
159 871 271 930 quoque
287 849 379 930 plures
395 852 504 912 interisti
522 851 725 930 propositiones
738 850 836 910 hebet:
858 854 1000 908 utcontra
1013 847 1177 926 petitionem
1192 867 1244 926 pe·
1368 871 1369 886 ¹

159 938 272 1010 monim,
293 933 372 996 Male
385 937 473 1014 petis,
490 937 659 1014 procuratori
676 937 745 992 emm
762 934 814 992 to'tc‘
835 941 889 993 'esee
909 939 962 992 troo
982 933 1077 994 cenot·
1097 932 1142 991 sed
1161 950 1245 1012 neque

159 1020 219 1095 illi,
234 1022 311 1080 euius
322 1024 424 1080 nomine
436 1021 548 1096 litr'gos,
562 1019 657 1079 sues
664 1025 879 1096 procuratorem:
893 1017 947 1076 uo
958 1037 1040 1096 nepus
1052 1037 1079 1076 er
1093 1017 1163 1080 decer
1174 1020 1243 1092 eius,

133 1113 152 1169 7
160 1128 179 1166 c
201 1123 252 1184 quo
271 1109 401 1184 occepisse
418 1109 538 1166 mutuom
555 1103 643 1162 dicor:
664 1122 711 1162 nec
721 1105 777 1181 iper·
790 1102 875 1163 debui.
919 1102 1095 1182 blultiplioeri
1109 1104 1194 1177 hoec,
1213 1105 1245 1164 in

96 1235 98 1240 -
159 1189 394 1269 quantumlibet,
415 1196 545 1270 possunt,
566 1189 617 1248 sed
638 1207 697 1248 cern
718 1189 874 1248 ostendisse
892 1189 959 1250 setis
982 1196 1035 1249 est.
1077 1187 1141 1250 Huc
1154 1189 1245 1268 sipo-

158 1282 261 1340 nuntur
277 1275 402 1352 singulae
423 1274 552 1334 subiectis
572 1273 798 1350 probationibus,
818 1275 910 1353 plures
933 1279 999 1334 sont
1021 1275 1245 1353 propositiones3

158 1361 413 1438 siconiungontur,
433 1357 651 1436 impertitionem
665 1358 778 1420 udone
1248 1385 1254 1392 -

134 1453 152 1510 8
243 1443 297 1503 Est
317 1451 347 1505 et
364 1443 437 1506 nudo
454 1443 624 1522 propositio,
646 1435 736 1532 qualis
756 1443 842 1504 iere
834 1464 864 1502 rn
880 1442 1125 1521 coniecturalibus,
1146 1443 1244 1505 Credis

158 1549 229 1606 ago,
244 1529 354 1608 surium
370 1529 481 1593 obo'''.·octo
501 1535 545 1590 est
566 1527 678 1586 ratione
685 1529 821 1592 subiecto·
842 1535 890 1604 ut,
911 1527 1085 1600 Maiestatem
1102 1531 1306 1591 remunero

158 1615 311 1688 &Mimos
321 1633 395 1675 mom
409 1614 524 1675 codicem
537 1613 880 1694 tm‘bunuspiebise'poepro
893 1617 1014 1672 concione
1027 1614 1102 1692 legit.
1128 1613 1246 1676 Praeter

157 1697 227 1760 baec
245 1703 347 1762 utimur
364 1698 570 1784 propositione,
599 1705 649 1758 eut
664 1706 777 1772 nostro3
804 1705 851 1773 ut,
871 1697 1040 1760 Adulterium
1062 1699 1183 1762 obiim'co
1196 1706 1247 1761 aut

158 1787 323 1858 adverserii3
343 1792 390 1861 ut,
408 1783 548 1850 ddultme's'
565 1793 664 1844 nucum
683 1788 796 1861 agitur:
817 1789 868 1844 eut
881 1783 1248 1860 numerusnumerous

44 1932 47 1938 ,
73 1911 79 1918 -
158 1869 376 1945 etcdocrscrium
391 1873 512 1948 quaem
527 1873 583 1942 est,
606 1875 667 1926 uter
682 1873 720 1927 sit
737 1871 865 1928 interme
879 1873 996 1947 propron
1037 1828 1246 1952 Nobnunqunm

85 2009 92 2024 ,
158 1941 280 2016 diverses
294 1974 405 2032 quoque
419 1955 628 2036 coniungimur,
647 1946 721 2032 Ego
730 1954 778 2014 loc
791 1954 868 2028 dico,
888 1955 1060 2015 adversarius
1072 1955 1153 2017 loc.

132 2049 151 2106 9
242 2039 338 2100 Habet
349 2040 461 2105 interim
474 2041 529 2098 vim
543 2041 759 2118 propositionis,
775 2041 889 2100 etiamsi
904 2059 956 2119 per
967 2060 998 2100 se
1012 2059 1071 2100 non
1084 2047 1128 2101 est
1141 2059 1247 2122 propos
1304 2107 1323 2124 .·

158 2126 220 2194 sitio
228 2145 322 2198 ,scum
341 2128 467 2204 surrento
488 2143 580 2184 rerum
599 2126 699 2189 ordine
718 2125 890 2198 subicimus,
911 2123 955 2184 De
968 2125 1010 2184 lis
1021 2130 1195 2202 cognoscitis3
1215 2133 1248 2187 nt

32 2223 35 2228 “
158 2213 196 2272 sit
216 2212 284 2270 hoec
302 2211 479 2285 commonitio
499 2209 612 2284 iudicis,
634 2231 689 2288 quo
703 2231 735 2272 se
752 2211 793 2268 ed
803 2211 995 2288 quaestionem
1009 2212 1098 2270 scrius
1110 2211 1248 2287 intendat,

157 2303 204 2370 et,
225 2297 346 2372 quodam
358 2296 440 2360 velut,
451 2301 527 2356 tectu
548 2297 696 2370 excitetur,
718 2296 803 2356 tinem
818 2315 883 2356 esse
896 2296 1079 2370 mmtiouis,
1097 2293 1247 2356 etinitimn

158 2380 328 2461 probationis
343 2378 494 2456 intelligat:
517 2386 562 2454 et,
583 2381 663 2438 nobis
680 2379 915 2442 coniunctionem
931 2381 1165 2458 ingredientibus,
1185 2383 1246 2462 ipse

71 2481 76 2488 ⁴
159 2481 386 2544 quoqucuorurn
400 2465 609 2542 quodammodo
624 2465 754 2526 audiendi
767 2467 1022 2528 sumatexordium·
1231 2496 1234 2503 ·

246 2549 278 2608 V.
307 2547 427 2608 Postitio
446 2554 490 2608 est
508 2557 666 2610 nostrerum
688 2556 739 2609 eut
760 2551 909 2612 advenerit
931 2551 1167 2632 propositionum,
1195 2557 1247 2610 aut
1368 2591 1369 2608 r

102 2649 103 2654 ’
158 2640 337 2712 umerumque
354 2635 453 2694 ordine
469 2633 577 2694 'collate
597 2635 776 2696 enumerato.
818 2637 881 2696 Hsc
899 2637 1013 2713 quidem
1027 2637 1162 2698 utendum
1174 2647 1305 2697 seru-w

158 2738 211 2800 per
225 2726 342 2801 putant,
362 2721 440 2797 quod
455 2739 489 2782 ee
504 2727 534 2780 et
546 2719 596 2786 fiet
606 2739 688 2780 csuse
700 2720 833 2796 lucidior,
855 2727 884 2781 et
899 2721 982 2782 iudex
1001 2722 1137 2782 intentior
1148 2740 1181 2782 ec
1194 2721 1246 2779 do·

159 2805 250 2879 uilior,
272 2807 296 2864 ei
309 2806 418 2879 scierit,
441 2812 471 2866 et
485 2807 522 2867 de
536 2824 591 2882 quo
608 2806 733 2879 dicimus,
756 2807 833 2868 etde
848 2817 904 2883 qno
921 2807 1021 2866 dicturi
1031 2812 1131 2884 posteo
1143 2825 1246 2868 sumnus.

134 2889 264 2952 tunsus
277 2891 390 2968 quidam
405 2891 589 2970 periodorum
602 2893 633 2953 id
655 2893 761 2956 emtori
777 2891 947 2952 arbitrentur
961 2892 1067 2952 dusbus
1078 2895 1121 2951 'er
1141 2891 1246 2954 musico
1368 2937 1369 2948 ,

159 2977 238 3054 quod
250 2993 449 3053 nonnunquam
463 2981 492 3038 et
505 2976 631 3044 excidere
644 2977 767 3050 soleant,
788 2995 863 3054 qnae
874 2977 1065 3055 promisimus,
1086 2983 1130 3051 et,
1152 2978 1176 3036 si
1188 2995 1246 3054 qua
1368 3013 1369 3016 =

159 3059 359 3138 inpediendo
381 3061 618 3139 praeterierimus,
640 3079 798 3132 oocmrere3
819 3062 896 3138 quod
916 3063 1029 3138 quidem
1047 3063 1153 3124 nemini
1174 3064 1248 3122 soci·

147 3141 225 3218 det,
246 3145 300 3202 nisi
321 3146 370 3222 qui
384 3144 469 3226 plone
485 3145 529 3205 rel
548 3145 625 3204 nullo
646 3147 731 3206 buerit
751 3147 881 3222 ingenio,
902 3146 947 3208 vel
963 3148 1002 3209 ud
1021 3148 1162 3224 egendum
1180 3145 1247 3206 nihil
1368 3211 1369 3226 Ρ

134 3230 274 3306 omgitmi
294 3231 546 3308 praemeditatique
567 3230 706 3290 detulerit.
748 3229 860 3308 Alioqui
878 3249 951 3309 quoe
970 3239 1030 3292 tam
1044 3234 1198 3294 'muniiestn
1217 3239 1247 3292 et

159 3314 250 3376 lucide
263 3321 306 3375 est
317 3317 404 3389 ratio,
427 3335 510 3392 quom
522 3311 808 3395 recteepurtitionis‘l
829 3319 954 3396 sequitur
965 3318 1038 3378 enirn
1050 3318 1248 3378 maturandu-

139 3419 235 3475 ·cem,
257 3403 346 3474 odeo,
368 3406 401 3462 ut
413 3402 563 3462 munoriee
581 3401 611 3458 id
624 3401 772 3460 maximum
792 3402 985 3479 sitsuxilium,
1006 3403 1178 3465 ris-dicendi
1189 3420 1247 3462 non

160 3486 304 3550 decedere.
349 3485 529 3566 Quapropter
543 3505 580 3546 ne
594 3485 654 3546 illos
666 3487 778 3563 quidem
793 3488 983 3566 probaverim,
1005 3489 1054 3567 qni
1065 3489 1247 3567 pertitium

159 3575 257 3628 vemnt
275 3569 422 3632 iuuenes
439 3572 643 3652 propositiones
661 3573 819 3632 extendere.
864 3574 944 3642 Quae
962 3573 1023 3634 sine
1037 3574 1136 3644 dubio,
1156 3573 1183 3632 si
1202 3571 1248 3633 ni
1368 3617 1369 3628 ,

160 3655 245 3714 mium
265 3655 302 3715 sit
320 3654 479 3734 multiplex,
500 3657 591 3733 fugiet
607 3658 767 3724 memorium
784 3658 898 3733 iudicis,
922 3665 952 3718 et
968 3657 1093 3720 turbabit
1112 3657 1248 3718 intenlio-

159 3757 240 3800 nem:
261 3740 315 3800 hoc
335 3748 384 3802 sut
403 3741 457 3801 alio
477 3747 574 3802 temen
591 3759 706 3802 numero
717 3743 793 3802 velut
806 3742 941 3820 ‹legenon
955 3749 998 3806 est
1010 3743 1164 3820 alligando,
1185 3761 1249 3804 curn

136 3825 251 3903 tpossit
264 3845 346 3889 oense
361 3826 454 3904 plures
466 3828 633 3887 desiderare
675 3825 737 3886 ssia
757 3833 821 3886 sunt
833 3829 940 3904 megin,
959 3835 1078 3907 propter
1091 3847 1165 3906 quae
1181 3847 1249 3908 per·

160 3909 259 3971 titione
279 3931 336 3970 non
355 3930 465 3990 semper
487 3913 524 3970 sit
543 3912 690 3969 utendum:
718 3912 854 3989 primum,
882 3913 948 3989 quie
967 3912 1102 3992 pleraque
1122 3911 1247 3990 gratiora

161 4001 241 4069 sunt,
262 3997 286 4055 si
305 3996 416 4054 invento
436 3995 543 4069 subito,
562 4013 615 4052 nec
635 3996 718 4052 domo
732 3995 832 4071 allatu,
853 3997 907 4056 sed
920 3997 993 4056 inter
1005 3999 1154 4070 dicendum
1165 4016 1199 4058 ex
1212 4015 1246 4059 re
1368 4049 1369 4060 ,

158 4074 221 4157 ipsu
233 4085 299 4140 netu
309 4079 470 4154 vidccntm3
491 4080 566 4140 unde
580 4059 626 4141 ills
642 4097 701 4140 non
721 4081 871 4152 iniuusndn
883 4081 1025 4153 schemate
1031 4125 1043 4164 ,
1064 4081 1157 4158 Pauo
1169 4085 1247 4144 ecci·
