2774 4444
143 220 225 314 ,rso
438 217 480 279 u.
508 214 608 279 rsa.
631 185 1006 287 ‚eurnn1u1s1u15.
1051 221 1055 232 .
1172 169 1181 178 ’

68 377 72 386 “
90 407 97 418 ·
162 377 211 454 qni
225 366 373 456 speciosius
387 374 458 448 fuit,
485 377 518 432 ut
530 374 559 432 in
580 374 673 454 primis
685 373 764 432 annis
778 371 937 433 laudaretur
949 347 1073 448 indoles,
1094 377 1154 431 tum
1168 371 1253 432 disci·

28 451 41 470 ”
162 461 271 542 plinae,
292 460 426 540 posthoc
444 477 575 536 operum,
598 461 684 524 idest
702 461 837 518 laetorum
859 461 1067 536 dictorumque,
1089 463 1251 518 contextus:

163 545 230 605 alias
244 546 275 605 in
291 543 806 624 speeiesvirtutum‘disiderelaudem,
828 543 1008 618 fortitudinis,
1029 544 1162 617 iustitiae,
1184 548 1252 604 eon-

162 632 315 705 tinentiae,
343 636 569 706 eeteranrmque,
606 649 640 690 ac
668 629 782 705 singulis
809 631 967 705 assignare,
1002 647 1074 707 quae
1102 631 1252 688 secundum

123 722 157 780 16
166 734 304 794 quamque
319 733 412 775 earum
424 721 505 790 gesta
522 722 611 774 amnt.
644 715 726 774 Utra
740 716 776 773 sit
786 721 883 775 'autem
894 715 994 774 harum
1009 716 1052 774 via
1064 713 1168 788 rutilior,
1190 733 1252 774 cum
1278 713 1280 717 ’

162 803 280 862 materia
293 800 520 860 deliberabimus:
543 801 608 860 dum
621 801 737 860 sciamus
750 797 872 878 gratiora
891 819 952 860 esse
965 799 1157 874 audientibus,
1179 817 1252 877 quae
1299 811 1302 818 ⁴
1368 801 1369 858 l

163 886 334 966 solus-quis,
357 893 405 944 aut
416 887 537 964 primus,
560 892 609 944 aut
620 891 696 945 certe
711 905 771 946 cum
785 887 879 964 paucis
892 885 990 955 fecisse
1002 887 1122 946 dicetur:
1144 887 1167 943 si
1182 885 1252 962 quiid

121 1009 125 1014 ·
163 980 306 1057 praeterea
320 965 405 1052 supra
418 990 497 1054 spem
514 977 564 1032 aut
576 971 824 1052 exspectationem,
845 973 994 1054 praecipue
1003 973 1083 1050 quod
1095 969 1183 1030 aliena
1196 989 1253 1048 po-

122 1069 156 1124 17
164 1063 218 1122 tius
241 1073 338 1135 tnusa,
369 1080 453 1139 quam
475 1077 534 1120 sua.
577 1060 718 1140 Tempus,
747 1058 823 1137 qued
842 1061 926 1119 finem
945 1058 1063 1117 hominis
1088 1056 1251 1133 insequitur,

85 1197 88 1212 .
164 1166 223 1207 non
237 1165 348 1226 semper
360 1151 479 1206 tractare
491 1147 642 1222 contingit:
670 1147 728 1204 'non
741 1146 845 1218 solum,
868 1146 945 1222 quod
958 1145 1081 1204 viventes
1100 1139 1251 1219 aliquando
1368 1203 1369 1208 .

74 1225 77 1234 ’
157 1231 322 1307 laudamus,
344 1233 394 1308 sed
409 1233 485 1308 quod
503 1247 566 1288 rara
579 1231 648 1290 haee
668 1233 776 1290 occasio
795 1235 852 1304 est,
875 1236 906 1288 ut
926 1231 1022 1288 reserri
1037 1227 1147 1308 possint
1165 1227 1311 1286 dominos

19 1370 23 1376 .
89 1368 103 1384 .
122 1318 299 1390 inhonores,
322 1322 351 1375 et
369 1317 495 1389 decreta,
517 1323 549 1374 ut
563 1314 671 1394 publice
685 1316 1004 1396 statuaeeonsntutae(
1021 1313 1097 1374 Inter
1111 1331 1185 1391 quaa
1198 1323 1252 1370 nu-

128 1471 132 1482 ,
164 1404 326 1464 metaverim
339 1403 510 1478 ingeniomm
523 1407 717 1476 monumentis,
731 1421 811 1480 quae
829 1399 943 1460 saeculis
954 1395 1148 1478 probarentne
1176 1395 1252 1456 Nam

143 1487 294 1566 quidam,
314 1486 569 1559 sieut-Menander,
591 1488 705 1545 iustiora
716 1493 899 1565 posteromm,
910 1483 994 1562 quam
1009 1503 1075 1544 suae
1087 1485 1197 1557 aetatis,
1208 1484 1253 1541 in·
1368 1541 1369 1552 ,

163 1573 236 1632 dicia·
250 1577 316 1631 sunt
326 1573 477 1644 consecuti.
520 1569 650 1630 Afferunt
670 1571 781 1632 laudern
794 1570 873 1631 liberi
884 1571 1062 1650 palantibus,
1089 1569 1173 1628 nrbes
1186 1585 1253 1628 con·
1368 1615 1369 1626 .

163 1659 316 1732 ditoribus,
337 1657 414 1733 leges
427 1656 572 1730 latoribus,
594 1661 668 1716 artes
682 1658 885 1730 inventoribus,
909 1676 961 1715 nee
973 1675 1030 1714 non
1042 1655 1169 1714 instituta
1181 1669 1253 1730 (pro-

163 1763 218 1821 que
235 1741 393 1802 auctoribus
401 1785 410 1816 ,
432 1748 495 1800 uta
512 1737 607 1802 Numa
620 1741 755 1804 traditum
766 1741 955 1817 ‘deos'col'erm
977 1739 1147 1801 al'ublicula
1162 1742 1252 1799 fasces

97 1847 104 1860 ·
164 1827 268 1907 populo
289 1828 467 1886 summittere.
615 1841 617 1848 “
810 1846 814 1854 ·
978 1831 981 1836 ‘
1098 1817 1101 1830 ‘

122 1915 157 1972 19
240 1911 308 1979 'Qui
329 1911 416 1970 omnis
440 1912 526 1982 etiam
545 1911 574 1971 in
595 1913 800 1992 vituperatione
819 1912 889 1972 ordo
916 1911 1069 1985 constabit,
1094 1901 1208 1970 tanhrm’
1221 1909 1253 1968 in

109 2073 112 2079 Ι
164 1991 310 2066 diversum.
350 1995 624 2084 Namtetturpitudo
638 1999 747 2075 generis
761 1999 911 2080 opprobrio
926 1997 1019 2058 multis
1032 1998 1101 2069 mie
1123 2002 1253 2074 'atquea-

163 2083 231 2142 dam
249 2082 360 2152 claritas
379 2085 442 2162 ipsa
458 2086 581 2142 notiores
600 2085 671 2142 eirca
688 2085 773 2160 uitia,
794 2091 824 2144 et
843 2084 1054 2160 invisosmagis
1075 2081 1158 2158 fecit3
1180 2086 1209 2140 et
1222 2080 1253 2140 in

51 2197 55 2204 ·
163 2167 344 2246 quibusdan,-
365 2165 397 2227 ht
417 2170 447 2226 in
466 2164 718 2228 Paride-traditum
732 2175 789 2245 est,
811 2171 954 2249 praedicta
973 2167 1125 2248 pemieies·‚
1147 2172 1177 2226 et
1192 2186 1253 2226 eor-
1368 2185 1369 2188 ¹

162 2253 238 2334 poris
258 2273 292 2312 ae
308 2255 441 2314 'sommae
459 2248 623 2329 quibusdam
643 2255 717 2316 mala
737 2261 923 2329 contemtum,
946 2253 983 2312 ut'
997 2249 1146 2312 Thersitae
1166 2257 1252 2330 atque

163 2329 225 2411 lro'3
246 2339 410 2415 quibusdam
429 2339 504 2398 bona
517 2339 590 2398 vitiis
605 2347 734 2419 corrupta
749 2341 843 2399 odium
863 2339 1033 2412 attulerunt3
1053 2343 1085 2396 ut
1098 2334 1186 2396 Nirea
1200 2340 1253 2397 irn-

121 2420 292 2496 20bellem,
303 2421 471 2482 Plisthenem
483 2424 667 2502 impudicum,
691 2427 809 2504 apoitis
822 2427 985 2505 accepimus.
1028 2421 1068 2482 Et
1089 2423 1172 2482 animi
1186 2423 1307 2485 totisstto

164 2507 228 2567 dem
241 2508 323 2588 sitia,
344 2515 414 2585 quot
427 2510 541 2568 virtutes
556 2513 637 2568 sunt:
658 2528 710 2570 nee
725 2511 831 2584 minus,
855 2512 983 2588 quamin
994 2507 1139 2582 laudibus,
1161 2507 1265 2588 dopm-

165 2592 191 2652 α’
205 2595 313 2652 ratione
329 2600 491 2654 tractantur.
533 2593 573 2652 Et
587 2599 653 2672 post
666 2597 908 2656 mertemadiectn
924 2596 1089 2673 quibusdam
1100 2594 1252 2672 ignominia

52 2693 56 2704 ¹
164 2683 223 2753 est,
238 2681 276 2742 nt
290 2677 408 2752 Maelio,
431 2679 507 2738 cuius
521 2681 619 2738 domus
632 2679 691 2740 solo
711 2688 853 2758 aequata3‘
868 2678 1021 2758 Marcoque
1033 2679 1154 2753 Manlio,
1175 2680 1252 2740 nnus
1368 2745 1369 2762 χ

66 2815 72 2824 .
163 2781 333 2844 praenomen
349 2764 524 2824 efamiliain
539 2763 830 2843 posternmexemtum
842 2773 894 2826 est.
925 2766 963 2824 Et
971 2764 1252 2844 parentes'malomm
1368 2779 1369 2790 ¹

120 2848 280 2912 teodinus.
303 2849 362 2908 ⁴Et
384 2857 428 2910 est
458 2851 646 2909 conditoribus
668 2852 776 2910 urbium
801 2853 919 2927 infame,
945 2847 1112 2910 contraxisse
1130 2850 1252 2927 aliquam
1368 2917 1369 2924 ἵ

163 2936 345 3013 perniciosam
361 2937 461 2996 ceteris
474 2940 604 3014 gentem,
628 2935 715 3013 qualis
737 2942 779 2995 est
790 2927 893 3015 primus
906 2937 1033 2996 Iudaicae
1049 2935 1251 3014 superstitionis
1368 2997 1369 3020 ,

73 3057 84 3074 .
123 3093 129 3106 .
163 3025 284 3079 auctora
297 3025 326 3078 et
346 3021 535 3080 Gracchorum
555 3021 631 3095 leges
652 3021 772 3080 invisae:
794 3025 867 3081 etsi
885 3024 962 3100 quod
978 3028 1021 3080 est
1034 3019 1188 3098 exemplum
1199 3015 1251 3080 de'·

115 3145 121 3154 ·
143 3105 251 3164 ‘forme
265 3107 385 3184 posteris
402 3107 554 3178 traditum,
576 3104 660 3185 quale
681 3105 802 3166 bbidiuis
814 3107 858 3168 nir
870 3107 1011 3169 Pemesin
1030 3104 1142 3166 mrrliere
1156 3105 1251 3166 Samia

216 3311 307 3377 Ι(519.
324 3309 491 3380 Plisthenem]
510 3307 628 3381 Ignotum
643 3305 734 3368 nomen
752 3311 802 3366 hoc
820 3315 861 3367 est
878 3309 1000 3382 impudici
1020 3308 1139 3366 hominis.
1161 3307 1251 3372 Quare

164 3374 236 3448 quod
256 3376 389 3432 Brodaeus
407 3379 441 3432 ad
459 3381 561 3434 Anthol.
574 3381 610 3446 ll,
630 3383 657 3438 5.
676 3383 802 3448 coniecit,
821 3377 978 3437 Clisthenem
995 3397 1025 3434 re
1044 3379 1171 3435 nuendum
1191 3393 1251 3431 esse

163 3449 215 3501 vix
230 3449 335 3500 dubium
355 3452 410 3511 esta
434 3451 504 3518 quod
523 3467 614 3504 nornen
631 3451 658 3504 in
677 3469 758 3522 marg.
778 3452 882 3520 Gryph.
901 3457 928 3504 et
944 3451 1005 3514 Bas.
1024 3398 1129 3519 figitur.
1173 3447 1250 3502 Hunc

163 3515 299 3586 Aristoph.
312 3517 346 3568 ‘in
365 3517 446 3570 &nis
461 3519 522 3574 425.
545 3527 574 3574 et
595 3520 628 3574 al.
649 3521 666 3573 l.
687 3528 866 3574 commemorat
881 3520 1015 3574 etSuidas
1028 3528 1055 3572 et
1067 3515 1249 3587 nmnpnona
1368 3561 1369 3568 ,

136 3591 142 3597 ’
165 3583 254 3654 (Nub.
268 3584 346 3653 354.)
358 3587 499 3642 scholiasta
514 3587 558 3644 tat
571 3593 710 3662 swardn'p
724 3588 916 3662 διαβάλλεται,
941 3589 967 3642 in
981 3606 1055 3659 quem
1069 3587 1147 3642 stiam
1160 3584 1249 3640 Crati-

162 3669 212 3706 nus
227 3652 337 3708 dicteria
350 3658 505 3722 coniecerit,
521 3659 588 3714 utin
604 3660 769 3730 proverbium
785 3659 870 3713 abiret
884 3658 1071 3728 Κλεισθένους
1086 3651 1249 3724 ἀκρατέστε-

135 3758 140 3768 ,
163 3739 221 3787 pec.
258 3721 352 3794 Neque
365 3725 427 3781 illud
441 3728 542 3793 obstat,
567 3729 635 3798 qnod
651 3731 684 3780 ab
698 3729 809 3783 Homero
827 3726 919 3800 reliqui
935 3729 1065 3783 hbbrsites
1087 3728 1116 3780 ll.
1133 3725 1169 3789 11,
1185 3723 1247 3780 212.

163 3794 209 3846 Iro
223 3792 319 3860 onyas.
341 3795 446 3861 XVlll,
467 3800 590 3853 1-106,
617 3799 711 3850 Nireus
728 3797 814 3861 llll,
832 3801 892 3855 673.
915 3806 1054 3864 amantur,
1074 3797 1248 3850 Clisthencsa

161 3863 292 3932 Sophocle
300 3869 332 3918 *et
348 3865 528 3934 Aristophane.
566 3865 657 3928 Quint.
673 3867 740 3918 enim
752 3867 844 3920 scribit
860 3885 879 3919 a
893 3869 1012 3934 positis
1029 3867 1183 3936 acecpimus.
1216 3861 1248 3918 ln

162 3932 278 3985 omnibus
290 3939 375 3988 umen
389 3935 463 3987 libris
478 3935 585 4002 seriptis
600 3941 628 3986 et
641 3933 700 3996 edd.
717 3937 872 3992 Plisthenem
885 3935 991 4004 legitur,
1009 3935 1061 3992 nisi
1072 3934 1141 4006 quod
1156 3931 1248 3989 Turia·

163 3999 243 4053 habet
252 4003 396 4070 phistenem
413 4003 494 4054 Goth.
510 4013 537 4055 et
550 4003 616 4056 lens.
629 4005 768 4070 plistincm.
1201 4051 1204 4056 .

79 4069 82 4076 '
232 4071 248 4134 S
261 4071 303 4124 21.
321 4073 453 4140 lihidinis]
471 4088 508 4123 sc.
523 4069 673 4141 exemplum.
706 4071 759 4126 Sed
779 4079 864 4125 tamen
875 4072 1017 4143 proximum
1028 4074 1085 4138 uir,
1109 4073 1178 4146 quod
1192 4087 1249 4124 mu-

163 4131 235 4190 lieris
252 4139 382 4208 oppositio
393 4155 444 4192 non
454 4138 577 4209 flagitat,
594 4139 695 4207 efficit,
712 4149 742 4196 ut
756 4139 954 4214 praeterendum
968 4141 1109 4213 suspiceris
1125 4141 1249 4196 libidine·
