2788 4452
136 164 181 286 co
382 191 385 199 '
420 217 461 310 n.
494 170 933 286 raa.‘ourur1umu1
985 181 988 188 ’

137 381 329 437 ornamentum
341 375 433 453 operis
450 374 508 432 eim
521 373 671 444 accedunt,
693 371 761 450 aliqu
774 370 871 438 melius
885 371 1071 442 elaborasset3
1091 377 1142 429 aut
1157 389 1220 430 ora·
1233 383 1281 430 aaa

138 453 185 520 t'or
204 461 281 536 loqui
302 462 424 532 nesciet3·
444 464 494 518 aut
513 458 631 517 leviores
649 458 761 532 morbos
781 476 877 516 curere
898 475 955 515 non
978 457 1220 534 poterit-modicus

137 547 398 628 praestantissimus.
988 552 997 586 1
1045 566 1049 574 ·

114 645 131 698 7
225 630 302 698 Quid
318 627 409 706 ergo‘l
434 632 550 688 nonest
565 627 703 703 quaedam
720 627 880 704 eloquentia
892 629 997 700 maior,
1019 645 1103 704 quam
1115 634 1148 686 ut
1160 646 1223 687 eam

101 785 105 792 Ι
138 715 282 776 intellectu
293 716 426 791 consequi
435 713 547 791 puerilis
558 713 703 770 infirmitas
714 712 825 790 possiti
845 714 911 790 Ego
923 733 990 772 vero
1007 715 1156 771 confiteor:
1171 713 1223 772 sed

32 859 36 867 ,
138 802 212 863 hunc
234 801 369 860 disertum
389 803 615 877 praeceptorem,
645 799 812 874 prudentem
833 817 960 874 quoquc,
983 805 1082 856 etuon
1097 800 1223 874 igmamm
1337 843 1380 870 ‚,

139 886 268 957 docendi,
288 905 349 944 esse
363 885 513 963 oportebit,
528 885 746 954 summittentem
758 903 788 942 se
800 885 842 941 'ad
856 901 1013 942 mensuram
1024 884 1170 942 discentis:
1189 889 1224 944 ut

45 1041 50 1049 ,
138 967 325 1031 velocissimus
345 971 480 1046 quisque,
497 969 526 1027 'si
542 970 616 1028 forte
630 969 684 1026 iter
704 988 766 1026 cum
778 969 894 1045 paruulo
912 969 1011 1041 faeiat,
1033 968 1083 1027 det
1102 974 1223 1042 manum,

83 1101 85 1104 -
140 1061 169 1115 et
189 1057 306 1131 gradum
322 1075 402 1114 suum
419 1055 540 1126 minuat,
561 1071 613 1112 nec
632 1053 768 1130 procedat
790 1054 878 1125 ultra,
907 1071 991 1128 quam
1012 1073 1104 1112 comes
1123 1055 1224 1131 possit.¹

76 1207 83 1212 ,
115 1139 239 1208 aQuiut
260 1142 285 1198 si
297 1139 457 1218 plerumque
472 1139 588 1210 accidit,
609 1144 642 1196 ut
656 1138 778 1197 faciliora
794 1139 851 1197 sint
865 1140 903 1197 ad
919 1138 1130 1214 intelligendum
1143 1145 1172 1198 et
1183 1138 1230 1198 lu*

140 1226 244 1284 cidiora
257 1225 367 1298 multo,
389 1243 462 1301 quae
481 1243 499 1281 a
519 1225 679 1281 doctissimo
697 1243 810 1300 quoque
829 1221 977 1283 dicuntur?
988 1221 1118 1282 Nam-et
1135 1225 1225 1302 prima

86 1337 88 1342 ’
140 1315 185 1369 est
201 1310 378 1387 eloquentiae
389 1309 691 1389 iirtusperspicuitas,
713 1313 743 1366 et
760 1327 815 1384 quc
829 1311 891 1386 quis
908 1310 1022 1386 ingenio
1037 1310 1127 1368 minus
1141 1309 1225 1382 valet,

99 1424 102 1429 ·
139 1395 192 1454 hoc
209 1414 240 1456 sc
252 1397 341 1470 magis
358 1394 486 1453 attollere
500 1399 529 1452 et
541 1393 658 1472 dilatare
672 1399 802 1473 conatur:
831 1401 863 1452 ut
878 1399 987 1454 statura
1001 1395 1119 1467 breves,
1139 1395 1169 1452 in
1182 1395 1226 1452 di·

114 1481 214 1556 9gitos
232 1481 391 1556 eriguntur,
411 1485 442 1538 et
454 1478 534 1556 plura
546 1479 648 1538 infirmi
659 1479 809 1538 minantum.
844 1476 919 1537 Nam
936 1480 1061 1538 tumidos·
1081 1486 1114 1538 et
1130 1499 1224 1548 corm-

74 1571 77 1582 “
128 1573 204 1644 ,ptos
218 1571 248 1634 et
259 1565 380 1625 tinnulos
394 1571 423 1625 et
439 1583 605 1640 quocunque
619 1563 673 1621 alio
688 1564 841 1623 cacozeliae
862 1582 965 1640 genere
981 1570 1144 1642 peccantes,
1166 1584 1225 1624 ccr-

139 1658 199 1710 tum
216 1646 324 1724 babeo«,
344 1670 402 1714 non
420 1651 536 1722 virium,
559 1651 609 1708 sed
628 1649 795 1708 infirmitatis
813 1649 1047 1713 vitiolaborarer
1063 1656 1094 1708 ut
1110 1669 1226 1728 corporo

139 1753 196 1794 uon
210 1737 328 1808 robore,
349 1738 401 1795 sed
413 1733 572 1793 valetudine
592 1734 738 1806 inflantur3
760 1741 790 1793 et
802 1740 879 1794 recto
899 1735 999 1795 itinere
1013 1734 1085 1812 lapsi
1106 1735 1226 1813 plemm-

138 1839 195 1897 que
211 1822 367 1896 devertunt.
382 1897 384 1901 ι
410 1819 474 1877 Erit
487 1839 556 1895 ergo
574 1818 717 1881 obscurior
727 1821 828 1893 etiarn,
850 1840 906 1897 quo
920 1821 1038 1897 quisque
1050 1822 1183 1880 deterior.

44 1947 53 1954 .
100 1906 134 1960 10
225 1905 293 1964 Non
309 1905 412 1965 excidit
426 1905 508 1978 mibi,
528 1905 671 1982 scripsisse
689 1926 734 1964 me
752 1905 863 1964 inlibro
878 1907 987 1984 priore,
1010 1925 1072 1964 cum
1089 1907 1313 1984 postomniaco,

140 1991 171 2048 in
183 1989 282 2048 scholis
300 1991 485 2050 eruditionem
498 2010 578 2062 esse,
600 2009 685 2066 quam
698 1992 788 2064 domi,
810 1990 1096 2063 dicerem„libentius
1118 2012 1149 2050 se
1169 1992 1227 2070 pri·

19 2117 29 2133 ,
139 2093 186 2134 ma
198 2077 291 2136 studia
296 2081 474 2152 tenerosque
486 2077 626 2154 profectus
640 2077 678 2134 ad
690 2077 872 2136 imitationem
886 2077 1142 2154 condiscipulorum,
1155 2095 1227 2154 quae

34 2185 38 2190 ·
140 2159 358 2235 facilioresset,
381 2163 505 2238 erigere3
527 2162 642 2238 quoda
665 2163 830 2238 quibusdam
854 2164 895 2221 'sic
917 2156 1005 2239 accipi
1023 2164 1138 2239 potest,
1164 2168 1227 2224 tan·

100 2247 226 2324 tiquam
240 2245 324 2319 haec,
346 2250 516 2324 quam'nunc
528 2253 624 2318 tueor,
645 2247 785 2306 sententia
795 2249 881 2326 priori
898 2249 1008 2306 diversa
1022 2249 1066 2305 sit.
1097 2248 1131 2306 ld
1148 2267 1165 2304 a
1181 2265 1227 2326 me

126 2331 243 2410 'procul
250 2332 348 2390 aberit
390 2329 522 2406 Namque
539 2350 573 2389 ea
590 2349 674 2388 causa
695 2331 740 2402 vel
755 2335 874 2392 maxima
893 2338 953 2405 est,
975 2351 1024 2390 cur
1044 2334 1150 2410 optimo
1170 2323 1226 2390 cui·
1379 2389 1380 2400 ,

142 2417 391 2494 quepraeceptori
413 2416 450 2473 sit
471 2416 625 2474 tradendus
642 2435 728 2493 puer,
749 2421 825 2493 quod
842 2420 918 2494 opud
938 2437 1000 2476 eum
1017 2418 1143 2496 discipuli
1157 2433 1228 2493 quc·
1292 2475 1299 2488 ,
1379 2405 1380 2484 l

142 2520 206 2577 que,
216 2501 323 2560 'melius
338 2501 475 2574 instituti,
497 2506 545 2558 aut
562 2502 669 2573 dicent,
691 2505 768 2578 quod
788 2503 885 2575 inutile
898 2522 955 2560 uon
970 2504 1008 2560 sit
1022 2505 1141 2574 imitari3
1169 2508 1227 2575 aut,

143 2587 166 2659 si
184 2587 253 2664 quid
265 2587 430 2659 erraverint,
453 2587 548 2653 statim
560 2587 750 2664 corrigentur:
778 2594 808 2646 at
827 2589 955 2647 indoctus
967 2587 1013 2648 ille
1026 2588 1228 2664 etiam-proba-
1379 2655 1380 2664 χ

36 2681 47 2730 .’
103 2671 185 2730 tabit
206 2673 325 2732 fortasse
343 2673 459 2745 vitiosa,
482 2666 512 2731 et
529 2671 639 2751 placere
659 2673 834 2732 audientibus
854 2675 956 2732 iudicio
980 2694 1031 2732 suo
1048 2677 1138 2748 coget}
1182 2671 1228 2731 Sit
1303 2699 1307 2706 ¹

112 2809 115 2814 .
142 2774 210 2831 ergo
222 2763 287 2816 tam
300 2758 460 2840 eloquentia
473 2775 556 2834 quam
569 2758 691 2818 moribus
704 2756 974 2838 praestantissimus3
995 2759 1044 2835 qui
1056 2759 1094 2818 ad
1108 2757 1227 2817 Phoeni-

142 2841 181 2898 cis
195 2841 338 2906 Homerici
351 2843 611 2921 exemplumdicere
626 2861 659 2901 ac
672 2845 763 2903 facere
779 2845 887 2904 doceat.
1100 2915 1105 2924 Ι

226 2927 274 2985 IV.
296 2928 370 2986 Hinc
393 2929 464 3001 iam,
492 2947 561 3004 quas
580 2929 682 3005 primos
699 2929 729 2988 in
750 2931 877 2988 docendo
898 2935 992 3008 partes
1013 2929 1155 3007 rhetorum
1176 2945 1227 3007 pu-

142 3015 216 3084 tem,
236 3013 348 3071 tradere
369 3013 514 3090 incipiam:
536 3012 622 3074 dilata
635 3033 783 3091 pannnper
797 3015 861 3088 illa,
889 3035 962 3092 quae
980 3015 1039 3074 sola
1050 3015 1134 3091 vulgo
1147 3033 1228 3074 voca-

141 3100 204 3168 tur,
225 3097 437 3156 orterletoricu.
481 3097 522 3156 Ac
545 3098 612 3157 mihi
633 3105 804 3177 opportunus
820 3101 939 3173 maxime
954 3102 1065 3160 videtur
1085 3103 1227 3176 ingressus

142 3181 178 3239 ab
194 3201 243 3254 eo,
265 3184 341 3241 cuius
352 3183 457 3259 aliquid
470 3182 561 3241 simile
574 3185 650 3260 apud
666 3188 861 3260 grammaticos
875 3205 946 3264 puer
961 3186 1098 3245 didicerit.

117 3276 135 3329 2
164 3285 166 3292 ·
191 3265 196 3280 ’
225 3266 266 3326 Et
280 3269 345 3344 quia
359 3264 563 3342 narrationum,
592 3276 707 3348 excepta
731 3289 786 3346 qua
805 3273 846 3330 iu·
854 3273 943 3330 causis
963 3271 1083 3345 utimur,
1104 3277 1166 3348 tres
1181 3287 1227 3327 ac·
1238 3277 1285 3323 187

143 3352 259 3430 cipimus
272 3354 392 3432 species:
409 3353 553 3432 fabulum,
575 3373 647 3432 quae
665 3362 791 3418 versatur
805 3358 835 3414 in
857 3357 1011 3434 tragoediis
1027 3361 1113 3434 atque
1129 3356 1228 3414 carmi-

143 3460 353 3475 -Ἶ--ιι-ι-ι

210 3519 262 3586 §9-
280 3521 407 3584 tumidos,
426 3527 573 3590 corruptos,
591 3523 723 3591 timidos]
753 3521 858 3577 lbnridi
870 3529 945 3587 suut,
967 3522 1012 3592 qui
1032 3541 1049 3576 a
1063 3523 1177 3578 varitate
1198 3539 1229 3577 ac

101 3606 104 3616 =
131 3584 311 3654 mimpiieitate
325 3587 353 3639 iu
371 3588 510 3658 gravitatis
524 3591 609 3644 studio
626 3593 764 3653 aberrant;
790 3594 908 3662 corrupti
923 3593 949 3644 iu
964 3592 1081 3646 acumine
1093 3599 1229 3646 ostentau-

140 3653 190 3718 ὼς
206 3655 302 3708 annuli
315 3656 343 3708 in
359 3657 492 3712 verborum
511 3659 670 3728 elegantiore
685 3660 871 3732 compositione
884 3663 984 3716 nodum
999 3663 1136 3716 excedunt»

89 3741 103 3760 ·
156 3755 161 3760 -
210 3724 755 3799 §aauonarec]·1uad.1x,4taseq.
933 3743 936 3750 ’

210 3795 266 3858 51.
280 3795 319 3846 Ac
335 3796 416 3864 mibi]
442 3796 488 3850 Sic
503 3802 577 3850 recto
596 3799 683 3850 Guelt.
698 3800 763 3870 Rag.
779 3800 868 3852 Burm.
887 3799 979 3864 Germ,
1015 3797 1261 3868 nodSpudmou.

140 3863 241 3913 mumra
258 3860 371 3916 debebat
386 3864 413 3920 in
426 3868 463 3918 At
483 3881 516 3916 ex
531 3861 613 3918 Goth.
626 3867 705 3919 Voss.
720 3869 746 3922 3.
766 3876 794 3920 ct
810 3868 964 3936 quibusdam
976 3815 1041 3922 add.
1077 3871 1116 3922 Ac
1136 3867 1171 3920 ad
1189 3867 1231 3920 iu-

139 3944 255 4014 gressqrp
269 3933 434 4000 aperiendum
448 3932 607 4002 aptissimum
619 3941 675 4001 est,
692 3935 808 4007 nihilque
822 3937 848 3990 in
861 3938 1040 4009 superioribas
1051 3935 1147 4002 verbis,
1162 3935 1231 4006 qnod

138 4005 325 4068 oppositionem
343 4001 473 4070 requirat:

209 4069 264 4128 52
276 4071 431 4138 accipimus]
453 4069 505 4122 ste
523 4085 571 4138 pro
595 4073 741 4139 accepimus
756 4073 846 4128 Turic.
865 4074 955 4130 Guelt'.
975 4076 1058 4130 Goth.
1079 4073 1123 4140 (ut
1138 4072 1230 4144 Spald.

139 4132 165 4186 in
177 4133 264 4222 lfrrei.
278 4138 423 4205 annotarit)
439 4155 497 4192 curn
517 4138 578 4194 edd.
593 4155 610 4193 a
627 4141 731 4213 Grypb.
755 4142 817 4210 inda
836 4161 921 4215 usque
936 4144 969 4200 ad
984 4145 1067 4200 uma.
1085 4142 1132 4213 qui
1152 4159 1230 4213 prae-
