2788 4452
24 236 30 245 ·
144 221 187 282 it)
212 239 215 244 ’
428 213 469 276 m
496 212 595 276 ΕΔΒ.
623 211 943 285 QUlNTleNr

77 365 79 372 ’
145 393 201 452 que
216 374 376 436 exercitatio
387 373 462 433 subit
475 375 689 452 comparationis,
709 377 769 432 uter
782 371 881 446 maior,
902 377 993 432 uterne
1006 369 1139 434 deterior?
1160 372 1234 452 quae

145 477 304 537 quanquam
319 467 447 520 versatur
464 460 619 518 iuratione
636 457 727 530 simili,
737 463 831 517 tamen
846 465 876 519 et
889 457 1013 535 duplicat
1027 460 1182 532 materiam,
1204 467 1234 520 et

144 547 276 604 virtutum
289 545 472 621 vitiorumque
487 563 544 602 nou
554 549 667 616 tantum
680 548 818 617 naturam,
829 544 880 614 sed
894 545 978 602 etiam
991 545 1106 602 rnorlum
1118 550 1231 605 tractat.

144 629 248 690 Verrun
261 632 297 689 de
308 631 406 694 ordine
426 629 530 701 laudis,
552 635 720 705 contraque,
742 630 876 705 quoniam
887 629 972 689 tertia
991 621 1062 688 haec
1080 630 1233 690 rhetorices

144 735 209 802 pars
223 720 282 788 est,
300 717 500 792 praecipiemus
518 734 569 772 suo
588 720 725 790 tempore.

103 816 138 868 22
224 799 375 858 &marom
396 801 449 859 loct
469 800 520 875 (de
540 800 573 857 iis
590 797 703 875 loquor,
726 798 842 874 quibus,
864 799 934 856 citra
953 818 1104 876 personas,
1125 801 1155 858 in
1172 801 1235 878 ipsa

145 885 213 944 vitia
231 887 316 944 moris
332 892 381 956 ¹est
402 902 549 964 perorare,
577 891 611 942 ut
632 886 662 942 in
683 881 849 956 adulteram,
874 881 1032 958 aleatorem,
1053 884 1248 966 petulantem)

144 989 182 1030 ex
196 972 295 1029 mediis
314 976 380 1029 sunt
396 965 523 1040 iudiciis,
545 975 590 1041 et,
618 970 643 1027 si
662 988 739 1027 reum
758 970 888 1042 adiicias,
909 973 1115 1031 accusationes:
1144 989 1233 1048 quan·

79 1058 84 1064 '
130 1069 227 1132 ’quam
240 1053 269 1114 hi
283 1075 396 1133 quoqne
409 1055 445 1113 ab
458 1054 505 1114 illo
520 1053 643 1130 generali
656 1059 776 1112 tractatu
789 1054 835 1111 ad
851 1055 986 1131 quasdam
1000 1057 1105 1118 deduci
1125 1057 1233 1135 species
1280 1055 1300 1140 ι’

144 1140 251 1214 solent,
271 1148 318 1213 ut,
335 1143 359 1200 si
378 1147 500 1219 ponatur
518 1139 624 1197 adulter
644 1157 753 1212 comus,
782 1139 885 1216 aleator
901 1160 1021 1218 pauper„
1044 1140 1171 1218 paulam
1187 1161 1231 1202 sc-

102 1225 204 1284 atron.
246 1226 363 1286 Habent
375 1232 471 1284 autern
483 1242 681 1300 nonnunquam
699 1227 785 1284 etiam
798 1226 996 1296 defensionem.
1039 1225 1115 1286 Nam
1131 1233 1161 1288 et
1179 1245 1230 1304 pro

143 1311 272 1383 Ismario,
294 1318 324 1370 et
342 1331 394 1389 pro
413 1329 502 1368 umore
521 1311 653 1382 dicimus,
674 1316 704 1368 et
722 1310 787 1369 leno
803 1311 914 1369 interim
927 1313 1121 1389 parasitusque
1133 1313 1232 1374 defen*

46 1441 51 1459 r
119 1391 124 1401 '
144 1398 221 1457 ditur
233 1397 342 1468 sie„ut
354 1416 411 1454 non
424 1395 527 1454 homini
540 1396 761 1473 patrocinemur,
783 1396 835 1454 sed
844 1397 959 1456 crirnini.

71 1516 75 1526 ι
101 1481 138 1540 at
233 1479 329 1540 Tleser
340 1487 450 1554 autem,
470 1499 543 1556 quae
563 1487 708 1540 sumuntur
729 1499 763 1540 ex
779 1499 872 1540 rerum
890 1483 1114 1560 comparatione,
1138 1487 1171 1541 ut
1183 1499 1231 1540 ra-

143 1571 245 1627 sticaae
258 1569 334 1642 cito,
355 1587 392 1626 on
404 1568 510 1624 urbano
524 1566 642 1644 potior?¹
656 1569 812 1644 iurisperiti,
834 1585 871 1624 aa
892 1567 1019 1627 militaris
1034 1571 1089 1626 otri
1100 1567 1161 1628 laus
1172 1587 1237 1626 ma·-

143 1653 205 1712 iori
239 1654 308 1712 mire
327 1659 394 1712 sunt
413 1653 451 1710 ad
474 1652 699 1712 exercitationem
722 1650 832 1710 dicendi
851 1653 994 1729 speciosae
1018 1659 1103 1728 atque
1122 1652 1233 1726 uberes,

98 1727 101 1741 '
144 1755 218 1816 quae
232 1737 277 1798 vel
294 1739 332 1796 ad
353 1737 489 1796 suadendi
503 1736 640 1807 officium,
660 1734 705 1794 vel
719 1737 805 1796 etiam
817 1737 855 1794 ad
872 1736 1039 1798 iudiciorum
1049 1739 1231 1817 disceptatio·

144 1841 209 1882 nem
220 1823 316 1882 iurant
328 1821 483 1900 plurimum.
526 1819 601 1880 Nam
617 1823 756 1898 posterior
772 1840 807 1881 ex
818 1822 968 1898 praedictis
985 1823 1078 1895 loom,
1106 1825 1136 1882 in
1148 1841 1230 1885 causa

102 1907 297 1972 &maenae
319 1907 508 1985 copiosissime
525 1924 543 1963 a
565 1906 700 1964 Cicerone
719 1912 864 1966 tractatum.
907 1907 982 1966 Sunt
1004 1915 1035 1968 et
1054 1908 1119 1970 illae
1138 1915 1290 1987 poene-trs

144 2000 225 2053 totae
242 1995 280 2052 ad
290 1992 499 2052 deliberativum
514 1992 685 2070 pertinentes
699 2011 804 2068 genus,
823 1991 979 2052 ⁴sterceratione
990 2013 1075 2066 asor,
1091 1994 1231 2072 poteritine
1245 2037 1268 2055 ..
1378 1987 1381 1998 ’

100 2109 106 2122 =
144 2083 200 2140 sint
218 2079 414 2156 mughtrotasf
440 2076 571 2155 Namque
591 2075 661 2150 hae,
676 2079 815 2159 personis
834 2079 921 2138 modo
938 2080 1070 2153 abactis,
1090 2082 1234 2144 suasonaa
1260 2141 1264 2144 .

16 2217 19 2226 .
72 2173 88 2217 Υ
145 2171 235 2228 mna
878 2189 892 2218 υ
1030 2217 1033 2226 ,

101 2259 137 2312 26
229 2249 367 2311 Solehant
380 2257 575 2330 praeceptores
586 2251 652 2324 mei,
673 2269 766 2326 neque
777 2249 877 2324 inutili,
899 2256 929 2310 et
939 2251 1021 2311 nobis
1037 2253 1121 2312 etiam
1135 2253 1231 2314 lucrm·
1314 2309 1317 2316 .

145 2337 193 2410 do,
214 2353 318 2412 genere
331 2338 545 2407 exercitationis,
566 2353 734 2412 praeparare
746 2354 798 2394 nos
812 2337 1041 2398 coniectmalibus
1055 2340 1154 2412 causis,
1168 2357 1232 2398 oum

144 2440 278 2498 quaerere
298 2427 384 2499 atque
403 2417 518 2497 exsequi
540 2421 684 2492 iuberent,
714 2419 894 2480 Otr-armatu
912 2422 987 2500 opud
1004 2421 1230 2484 Lacedaemonios

77 2515 82 2531 '
148 2506 255 2567 Versus?
281 2513 326 2580 et,
354 2506 430 2573 Quid
447 2509 491 2564 ita
504 2503 767 2582 emarcueram
777 2525 858 2582 puer,
880 2527 914 2566 oc
933 2507 1053 2583 cnloco,
1075 2513 1101 2568 et
1117 2511 1290 2586 sagittatus

91 2623 97 2664 ·.
143 2613 178 2654 oc
185 2592 254 2673 fore
267 2593 409 2652 mnata?
430 2597 460 2650 et
472 2589 585 2665 similia3
609 2589 752 2666 inquibus
767 2592 958 2652 scrutabamur
972 2593 1158 2666 volumtatem,
1181 2615 1229 2654 cn·

56 2703 62 2717 ·
116 2735 127 2742 ,,
144 2680 187 2738 ius
206 2681 236 2738 iu
250 2678 445 2740 controversiis
461 2679 592 2755 frequens
610 2676 739 2755 quaestio
759 2682 817 2737 est:
840 2679 917 2758 qnod
934 2697 1023 2756 genus
1035 2679 1127 2740 chriae
1141 2679 1231 2742 rideri
1335 2741 1338 2750 ,

79 2783 98 2796 ··
143 2771 258 2843 potest.
336 2813 339 2821 r
1117 2787 1118 2792 ¹

100 2851 136 2906 27
227 2848 302 2910 Nam
317 2851 393 2912 locos
406 2849 535 2933 quidam,
557 2845 653 2927 quales
670 2855 735 2908 sunt
748 2849 785 2909 de
798 2849 935 2925 testibus,
963 2869 1093 2930 sonpsrm
1110 2849 1153 2910 bis
1171 2870 1229 2912 cre-

141 2934 276 2995 dendum?
303 2945 334 2996 et
354 2940 391 2997 de
409 2937 594 3014 argumentis,
624 2955 660 2992 on
684 2934 805 2994 babendo
827 2940 909 2996 diem
931 2941 1027 3014 porois
1036 2937 1130 3015 fider?
1157 2937 1229 3001 adeo

45 3081 50 3088 ,
141 3022 318 3082 manifestum
331 3029 376 3082 est
391 3023 430 3081 ad
441 3024 564 3080 forenses
577 3020 701 3079 actiones
715 3023 867 3098 pertinere,
886 3029 920 3081 ut
933 3025 1063 3098 qnidam,
1083 3041 1135 3082 nec
1148 3024 1230 3098 igno·

50 3121 58 3145 ‘
141 3105 212 3166 biles
231 3107 262 3165 in
281 3105 380 3166 officiis
399 3106 539 3178 civilibus,
568 3106 686 3182 scriptos
707 3125 774 3177 eos,
794 3109 999 3184 memoriaeque
1018 3108 1229 3186 diligentissime

78 3193 81 3202 ⁴
141 3193 306 3264 mandatos,
333 3194 363 3251 in
386 3197 518 3272 promptu
538 3189 701 3264 habuerint,
724 3196 773 3264 ut,
794 3195 904 3269 quoties
928 3200 1004 3253 esset
1028 3193 1152 3267 occasio,
1181 3211 1230 3252 ex·

100 3275 309 3356 aatemporales
322 3297 418 3337 eorum
433 3277 569 3336 dictiones
587 3275 629 3334 his
641 3275 717 3334 velut
733 3277 904 3338 emblematis
920 3281 1128 3340 exornarentur.
1162 3279 1228 3346 Quo

142 3365 255 3441 quidem
270 3362 378 3440 (neque
395 3364 469 3422 enim
482 3363 540 3420 eius
560 3363 601 3420 rei
614 3361 745 3420 iudicium
758 3363 870 3424 differre
886 3363 1024 3440 sustineo)
1040 3381 1175 3424 summam
1187 3363 1229 3422 vi·
1313 3419 1317 3424 .

142 3449 282 3508 dabantur
299 3443 367 3508 mihi
377 3447 565 3507 infirmitatem
579 3447 616 3506 de
637 3466 667 3506 se
680 3447 815 3506 confiteri.
857 3448 1013 3525 Numquid
1030 3449 1059 3508 bi
1072 3450 1181 3528 possint
1198 3448 1230 3506 in

141 3535 247 3606 causis,
269 3543 385 3610 quarum
398 3535 475 3592 varia
488 3551 521 3590 ao
533 3549 607 3590 nova
619 3551 731 3609 semper
749 3539 794 3591 est
804 3535 905 3607 facies,
927 3535 1069 3612 proprium
1082 3531 1229 3593 invenire?

72 3667 76 3674 .
142 3619 284 3695 quomodo
306 3619 457 3699 propositis
486 3636 520 3678 ex
547 3621 628 3694 perte
655 3617 764 3675 diversa
783 3618 976 3698 responderet
1003 3619 1227 3678 altercationibus
1276 3667 1279 3678 .

141 3702 272 3763 velociter
299 3701 464 3764 occurreret
492 3708 595 3762 testem
615 3700 737 3776 rogarer
765 3705 813 3779 qui
834 3707 919 3765 etiam
939 3705 968 3764 in
988 3705 1039 3778 iis,
1070 3709 1228 3781 quaesunt

143 3790 308 3861 communia,
330 3795 360 3847 et
370 3789 399 3848 in
411 3788 535 3866 plurimis
548 3787 637 3845 causis
650 3791 814 3861 tractantur,
835 3790 1039 3866 vulgatissimos
1057 3809 1154 3850 sensus
1166 3809 1229 3848 ver·

97 3873 202 3948 sabis,
223 3875 277 3934 nisi
298 3879 379 3932 tanto
396 3880 462 3934 ante
481 3871 672 3951 praeparatis,
692 3877 823 3950 prosequi
843 3882 994 3954 nequeant
1037 3873 1161 3935 Necesse
1174 3881 1229 3962 est,

75 4131 86 4148 Ν
211 4075 286 4139 eso.
304 4075 415 4128 meree
430 4070 486 4139 m]
503 4071 592 4126 uuae.
609 4073 700 4128 ouer
716 4075 780 4128 xum.
794 4075 851 4128 nu.
871 4074 960 4130 rosen.
974 4034 1013 4128 a.¹
1032 4079 1055 4132 1.
1073 4074 1116 4132 sa.
1137 4073 1228 4142 camp.

142 4139 223 4194 Andr.
237 4142 309 4196 Sioh.
323 4143 402 4196 Basil.
417 4157 499 4209 marg·
513 4141 569 4194 Neo
581 4157 660 4196 ceros
677 4143 745 4212 quod
759 4144 823 4200 ferri
840 4144 947 4214 nequit,
962 4161 1031 4198 »cum
1046 4144 1138 4208 Quint.
1156 4143 1246 4196 iudi-1
