2738 4442
131 175 233 240 22⁰1
401 111 925 238 uuuno'ururrnraur
1048 237 1052 244 ,
1169 239 1174 247 ,
1277 125 1282 134 ’

125 329 214 390 etiam
227 325 374 404 inopinatis
385 326 543 402 frequenter
559 321 683 396 occurrit.
713 319 865 388 Accusator
878 321 928 379 dat
941 323 1054 378 testem:
1075 322 1210 396 patronus

132 432 166 474 ex
175 433 207 474 re
219 413 280 490 ipsa
289 409 396 469 refellit.
438 408 589 468 Accusator
601 405 871 478 ciminum'invidia,
892 403 936 463 vd
949 404 973 462 si
985 402 1055 462 falsa
1068 405 1134 476 sint,
1142 421 1212 464 sua-
1229 437 1235 456 ι

130 499 228 558 teriam
249 496 359 556 dicendi
379 493 479 566 trahit,
500 491 532 552 de
537 491 699 569 parricidio,
718 490 876 565 sdcm'legiq
894 491 1047 548 maiestate:
1069 506 1141 565 quae
1158 507 1212 566 pa-

131 588 213 640 trono
226 585 335 638 tantum
347 579 476 654 neganda
490 583 561 636 sunt
595 577 718 652 ldeoqu'e
729 575 946 634 accusationibus
961 575 1045 634 etiam
1055 573 1210 632 mediocres

131 667 161 724 in
173 664 291 728 diceudo
303 664 482 724 suffeccnrut:
505 662 741 722 honusdesensor
760 679 858 731 nemo,
877 653 937 718 nisi
953 659 1001 736 qui
1020 658 1213 734 eloquentissi·
1303 673 1306 680 ⁴

131 769 205 824 mus,
227 748 287 808 fuit
328 747 417 820 Nam,
439 753 485 819 ut,
507 747 584 823 quod
604 747 712 818 sentio,
733 745 817 805 semel
836 745 946 816 finiam,
968 749 1047 802 tanto
1065 748 1109 802 est
1130 761 1213 814 amu-

100 911 103 932 Ι
132 852 209 910 sare,
245 852 327 910 quam
355 833 535 906 defendere,¹
555 837 661 909 quanto
685 831 797 905 facere,
825 847 909 910 quam
937 847 1051 903 sanare,
1086 827 1210 902 maluere,

129 917 244 978 facilius.
375 971 378 976 .

107 1007 124 1064 4
212 995 363 1063 Plurimum
378 1004 469 1060 autem
480 1003 578 1074 refert,
601 1005 629 1060 ct
647 999 712 1078 quid
728 997 873 1082 protulerit
886 997 1077 1070 adversarius,
1100 1003 1130 1056 et
1145 1016 1209 1076 quo-

87 1149 91 1156 ,
131 1087 214 1148 modo.
243 1087 365 1144 Primum
377 1081 462 1164 igitur
472 1086 701 1159 intuendumest‚
722 1085 767 1156 id,
789 1085 831 1142 cui
843 1084 1004 1162 responsuri
1013 1099 1123 1157 sumus,
1145 1097 1212 1160 pro-

121 1175 221 1252 ·primn
236 1173 272 1230 sit
285 1171 343 1230 dus
356 1171 463 1244 iudicii,
483 1191 521 1228 an
533 1171 571 1228 ad
585 1181 696 1230 causam
714 1177 791 1228 extra
809 1171 979 1228 arcessitum.
1021 1166 1111 1240 Nam,
1133 1169 1157 1226 si
1170 1172 1214 1226 est

127 1260 281 1335 propriam
308 1261 359 1314 aut
384 1258 558 1330 negandum,
585 1262 633 1312 aut
656 1255 877 1326 defendendum,
905 1259 955 1312 aut
974 1254 1212 1325 transferendum

101 1345 211 1404 'dextra
223 1341 292 1404 haec
300 1340 328 1398 in
342 1339 449 1400 iudiciis
461 1342 519 1400 fere
531 1339 598 1398 nihil
610 1345 662 1398 est.
689 1339 992 1416 Deprecatioquidem,
1012 1343 1140 1414 quaeest
1153 1339 1213 1396 sine

120 1425 186 1498 ‚ula
204 1425 496 1504 speciedefensiouis,
517 1443 580 1505 rara
598 1425 764 1497 admodum,
793 1431 823 1486 et
841 1425 919 1502 apud
935 1443 985 1482 cos
1007 1423 1081 1482 solos
1098 1419 1221 1495 iudiccs'

79 1535 80 1540 ¹
132 1510 180 1588 qui
192 1510 267 1570 nulla
282 1516 358 1570 certa
369 1510 569 1594 pronunciandi
580 1511 668 1568 forma
682 1515 826 1568 tenentur:
845 1527 1002 1586 quanquam
1019 1507 1089 1568 illae.
1100 1527 1214 1585 quoque

132 1598 210 1676 apud
221 1597 255 1655 C.
268 1596 416 1656 Caesarem
429 1601 457 1654 et
471 1593 642 1654 Triumviros
660 1613 711 1672 pro
729 1594 898 1668 diversarum
916 1595 1037 1670 partium
1057 1593 1213 1652 hominibus

122 1683 272 1754 actiones,
294 1680 402 1741 etiamsi
414 1681 541 1758 precibus
557 1672 690 1752 utuntur,
706 1679 839 1738 adhibent
858 1684 952 1739 mmeu
969 1675 1138 1756 patrocinia:
1158 1678 1213 1736 nisi

132 1766 186 1826 hoc
200 1786 257 1826 nou
273 1765 421 1830 fortissime
439 1765 612 1840 defendentis
627 1769 686 1837 cst,
705 1759 811 1836 dicere,
836 1763 914 1828 Quid
923 1763 1001 1822 uliud
1011 1767 1127 1838 egimus,
1151 1761 1211 1820 Tu-

109 1851 209 1922 abac,
230 1851 285 1908 nisi
297 1853 342 1921 at,
364 1846 492 1924 quadan
507 1853 608 1924 pateat,
628 1867 675 1906 aas
686 1849 842 1926 possemus?
875 1848 984 1920 Quodsi
1004 1850 1117 1924 quaudo
1135 1848 1213 1928 apud

132 1934 304 2012 Principem,
331 1931 462 2006 aliumve,
489 1932 548 2006 cui,
574 1939 667 1993 utrum
683 1927 764 2005 velit,
792 1933 888 2006 liccat,
914 1934 1058 1992 tacendum
1078 1935 1146 2006 erit,
1159 1935 1272 1994 'idi-m

133 2037 219 2095 guma
237 2017 348 2094 quidem
368 2021 458 2078 morte
477 2035 560 2098 evam,
574 2037 625 2095 pro
645 2037 701 2094 quo
718 2017 876 2094 loquemur,
898 2017 1026 2082 clementi
1044 2025 1139 2078 tumen
1154 2039 1212 2080 ser-

132 2104 253 2162 vandum
265 2123 327 2162 esse
339 2101 382 2160 vel
391 2101 489 2162 talum
510 2103 628 2180 primum
646 2103 766 2175 omnium
786 2122 844 2162 uon
863 2103 917 2162 erit
932 2122 976 2162 res
990 2103 1072 2162 nobis
1084 2124 1146 2164 curu
1160 2106 1212 2166 ad-

133 2189 270 2260 versario,
280 2188 331 2246 sed
345 2206 407 2246 cum
419 2187 524 2260 iudice3
545 2186 648 2246 deinde
661 2189 750 2246 forma
763 2186 957 2246 deliberativae
970 2189 1059 2265 magis
1070 2191 1213 2266 meletias,

133 2271 364 2348 quam‘iudioialis
382 2276 497 2332 utemur.
541 2273 726 2331 suadebimus
747 2273 836 2345 euim,
858 2280 889 2332 ut
904 2271 1016 2332 laudem
1034 2273 1215 2336 humanitatis

108 2357 241 2434 7potius,
263 2375 345 2432 quam
358 2355 526 2434 voluptatem
538 2356 648 2415 ultionis
664 2358 847 2436 concupiscat
874 2355 959 2434 Apud
971 2348 1074 2418 iudices
1089 2360 1213 2436 quidem,

133 2441 284 2500 secundun
302 2439 395 2516 legem
412 2441 532 2518 dictrnos
553 2443 734 2513 sententiam,
764 2443 801 2501 de
820 2443 952 2502 confessis
965 2445 1126 2522 praecipere
1143 2446 1213 2506 ridi-

133 2524 222 2584 cultun
243 2530 293 2584 est.
335 2523 428 2600 Ergo,
458 2545 530 2602 quae
553 2543 645 2602 neque
662 2527 774 2602 negari,
802 2545 894 2602 neque
916 2529 1059 2588 trausffiri
1082 2537 1212 2607 possunt,

134 2611 230 2686 utique
248 2609 522 2684 defendendasunt,
553 2611 752 2688 qualiacunque
771 2617 849 2670 sunt:
878 2617 928 2673 aut
945 2629 1028 2674 causa
1047 2615 1209 2678 cedendum.

132 2693 267 2770 Negandi
277 2693 411 2771 duplicem
425 2697 593 2754 ostendimus
607 2695 736 2755 formam?
757 2701 807 2754 out
820 2716 871 2754 non
886 2715 940 2756 eme
948 2697 1074 2775 sactum
1096 2706 1212 2761 autnon
1233 2735 1237 2742 .

133 2778 264 2850 luccesse,
293 2777 362 2856 qaod
374 2778 484 2856 sactum
506 2783 551 2839 a't.
595 2780 675 2848 Quae
691 2799 783 2856 neque
803 2782 930 2854 defendi,
956 2801 1049 2858 neque
1067 2787 1212 2846 transferri

132 2870 267 2942 possunt,
287 2863 383 2939 utique
396 2865 540 2942 neganda:
561 2883 613 2924 nec
623 2863 725 2937 solum,
745 2867 769 2923 si
781 2865 869 2926 finitis
880 2871 1047 2944 potestesse
1058 2873 1211 2947 pronobis,

110 2947 186 3014 seed
198 2949 297 3020 etiam,
317 2949 343 3006 si
362 2951 437 3008 nuda
453 2949 581 3010 infitiatio
600 2954 733 3026 superest.
779 2949 870 3010 Testor
888 2951 990 3012 crunt?
1010 2952 1096 3012 multa
1111 2956 1211 3017 ineos

134 3032 225 3090 dicere
245 3031 317 3092 licet
361 3031 589 3112 chirographum?
616 3035 652 3093 de
670 3034 848 3095 similitudine
874 3035 1014 3096 literarum
1038 3039 1212 3100 disseremus.
1312 3033 1318 3042 ”

87 3177 90 3184 ,
132 3113 240 3193 Utique
252 3116 318 3175 nihil
333 3117 385 3176 erit
397 3118 491 3195 peius,
514 3136 596 3194 quam
613 3121 759 3180 confessio.
802 3121 908 3182 Ultima
922 3127 967 3181 est
977 3125 1091 3184 ostiariis
1103 3132 1211 3186 coutro-

108 3204 234 3286 9¹oersio,
257 3221 319 3260 oum
335 3202 503 3270 defendendi
522 3203 678 3279 negandive
691 3225 750 3264 uon
761 3211 804 3265 est
815 3206 908 3278 locus,
930 3207 1081 3270 fraudatio.
1123 3209 1210 3288 Atqui

13 3311 18 3320 ·
132 3287 269 3370 quaedam
280 3293 357 3357 sunt,
380 3305 452 3362 quae
464 3307 556 3365 neque
569 3290 681 3364 negari,
703 3309 794 3367 neque
806 3291 933 3364 defendi,
955 3312 1046 3370 neque
1065 3297 1210 3356 transferri
1218 3317 1289 3370 aas·

131 3375 255 3448 possunt
296 3369 433 3429 Adulten'i
444 3391 489 3438 reo
500 3379 554 3446 cat,
577 3393 660 3452 quoe,
681 3394 740 3433 eum
754 3376 1037 3456 onaooa'duofutsrct,
1059 3385 1141 3440 amoc
1155 3388 1210 3451 ests
1354 3433 1355 3458 ,

130 3454 164 3514 lis
178 3473 235 3512 non
246 3455 308 3521 erit.
326 3491 333 3507 ⁴
352 3455 445 3523 Quare
461 3457 528 3518 illud
547 3458 706 3519 stultissime
723 3461 906 3540 praecipitur,
928 3464 1005 3539 quod
1024 3465 1137 3526 defendi
1152 3485 1210 3526 uon
1354 3481 1355 3540 l

129 3539 233 3615 possit,
255 3535 364 3599 silentio
376 3542 615 3617 dissimulandum,
637 3545 661 3604 si
676 3546 789 3621 quidem
803 3546 902 3619 estid,
925 3547 961 3606 de
979 3569 1035 3624 quo
1048 3551 1131 3612 iudex
1144 3571 1211 3631 pro-
1354 3541 1355 3592 Ῑ

89 3634 122 3686 10
129 3623 304 3710 nunciaturus
316 3631 371 3684 est.
411 3625 466 3707 At,
485 3632 513 3687 εἰ
529 3635 607 3688 estro
623 3633 781 3688 consumsit
794 3630 954 3706 adductum,
976 3640 1006 3693 et
1021 3639 1131 3697 tantum
1143 3655 1211 3698 cou-

129 3707 265 3780 iunctum,
286 3710 378 3772 malim
391 3713 505 3788 quidem
517 3714 624 3787 dicere,
640 3715 710 3774 nihil
722 3715 751 3772 id
764 3716 801 3774 ad
815 3719 1020 3794 quaestionem,
1039 3739 1092 3782 uec
1104 3742 1166 3783 esse
1178 3724 1209 3782 iu

196 3859 248 3924 §5-
267 3859 369 3930 dicere]
402 3859 457 3912 cte.
477 3879 523 3930 pro
537 3863 595 3932 Lig.
617 3849 640 3916 c.
654 3861 680 3920 4.

196 3929 212 3992 §
227 3927 251 3981 7.
271 3935 318 3982 aut
332 3947 411 3981 causo
427 3931 581 3998 cedendam]
600 3931 786 4002 Spaldingium,
805 3933 849 4003 qui
863 3933 1050 4004 interpretatur
1062 3937 1208 3992 nonsusci-

127 3991 222 4060 pianda
243 4013 336 4060 causa,
367 4005 395 4050 et
411 3995 509 4051 mavult
530 4001 688 4068 cudendum,
713 4002 813 4057 refutat
833 4003 937 4058 Lunam.
972 4003 1022 4058 Est
1040 4005 1106 4060 enim
1127 4025 1209 4062 conen

127 4061 217 4116 rodae
230 4063 496 4120 victumauvudare.
