2738 4442
375 129 500 234 insu.
529 123 736 244 aaaron
765 173 849 239 niu.
875 129 989 250 aaa.
1161 139 1278 242 aaa

136 331 224 409 sumt,
242 325 405 388 eluduntur:
426 331 459 386 ut
479 345 498 386 a
518 326 654 386 Cicerone
666 325 800 386 Triarius.
841 325 932 402 Nam,
954 347 1016 387 cum
1034 326 1132 388 Scauri
1151 327 1226 388 colu·
1307 375 1312 379 .

83 411 115 420 “’
141 431 219 472 mnas
240 429 292 490 per
310 413 407 472 urbem
426 411 555 489 plaustris
570 417 664 470 vectas
677 431 738 470 esse
753 413 837 486 dixit,
859 413 926 490 Ego
935 423 1031 491 porro,
1053 414 1156 490 inquit,
1180 417 1228 492 qut·
1277 475 1279 484 ,

8 493 14 522 ”
140 497 262 556 Albanas
273 496 354 557 haheo
367 495 518 570 calumme,
538 496 645 556 clitellis
663 516 708 555 aas
725 502 873 576 apportavi.
915 499 955 557 Et
968 499 1057 575 magis
1072 498 1165 556 hocin
1179 519 1226 558 ac-

141 585 285 642 cusatores
301 601 460 642 comessum
478 586 537 653 est,
559 581 658 658 quibus
672 583 978 659 conviciari-aliquando
994 583 1142 661 patrocinii
1154 585 1224 642 fides
1310 591 1315 599 '

141 667 226 743 cogit.
268 666 318 726 llla
340 684 406 726 vero
422 668 552 726 adversus
571 685 667 726 omnes
691 665 849 744 efreceptu
867 673 897 727 et
915 687 971 726 non
990 667 1139 726 inhumana
1157 667 1265 742 con-ll

81 752 267 829 truquestio,
296 751 437 811 sieallide
453 752 522 828 quid
539 751 675 825 tacuisse,
704 751 856 826 breviasse,
885 753 1062 832 obscurasse,
1084 753 1223 814 distulisse

138 837 277 902 dicuntur.
318 835 494 896 Defensiouis
507 855 626 914 quoque
649 838 815 914 permutatio
834 837 1045 916 reprehenditur
1064 855 1163 916 saepe,
1193 837 1267 898 utut

135 921 231 982 attius
251 923 384 982 adversus
400 919 574 994 Cluentium,
596 920 744 980 Aeschines
761 922 892 980 adversus
911 923 1123 1000 Ctesiphontem
1142 925 1224 988 sarit:

137 1027 201 1080 curu
213 1005 259 1068 ille
272 1008 434 1066 Ciceronem
447 1005 517 1083 lege
535 1025 647 1065 usurum
658 1007 761 1078 modo,
781 1006 826 1064 hic
840 1007 954 1072 minime
965 1009 1002 1068 de
1013 1005 1224 1084 legesdicturum
1345 1001 1348 1006 ’

138 1089 353 1152 Demosthenem
366 1092 498 1168 queritur.
541 1090 748 1152 Declamatores
762 1111 828 1150 vera
841 1092 870 1149 in
883 1093 979 1170 primis
992 1100 1059 1152 suut
1073 1093 1225 1154 admoneu-
1269 1159 1273 1164 ,

134 1177 185 1250 di,
197 1197 236 1238 ue
248 1177 477 1242 eonhadictiones
493 1196 543 1236 eas
552 1182 675 1253 ponant,
693 1173 792 1252 quibus
805 1176 932 1236 facillime
944 1178 1108 1255 responderi
1118 1178 1224 1256 possit3

138 1281 195 1322 neri
215 1262 266 1321 sihi
288 1261 403 1322 strdtum
419 1261 608 1322 adversarium
619 1261 735 1337 fingant
775 1261 904 1320 Facimus
918 1268 1027 1334 autern,
1047 1263 1124 1340 quod
1137 1265 1225 1322 maxi·

139 1357 185 1407 nie
196 1347 294 1406 uberes
307 1345 378 1418 loci,
399 1343 600 1423 popularesque
612 1347 768 1405 sententiae
779 1352 943 1420 nascuntur,
954 1348 1098 1406 materiam
1114 1345 1225 1410 dicendi

107 1432 238 1506 Inachis,
257 1429 483 1508 quod-volumus,
505 1431 685 1501 ducentibus,
706 1436 738 1488 ut
749 1449 806 1487 nou
817 1431 855 1490 sit
867 1431 913 1490 ille
924 1431 1027 1492 inutilis
1039 1451 1151 1512 vasus,
1223 1431 1226 1446 '

224 1514 288 1577 Non
301 1515 536 1592 craterespaadit,
550 1513 619 1573 male
634 1518 701 1572 enim
712 1517 787 1592 prior
796 1514 843 1574 ille
856 1521 978 1592 rogarat.
1175 1525 1178 1534 “

73 1635 82 1646 ·
138 1601 317 1672 Fallethaeo
333 1619 385 1659 nos
405 1601 434 1658 in
455 1601 516 1658 foro
533 1599 720 1672 consuetudo,
741 1599 790 1658 ubi
806 1597 979 1676 adversario,
1000 1621 1057 1666 uon
1076 1601 1129 1680 ipsi
1142 1601 1266 1667 uobista
1360 1611 1361 1630 ¹

137 1687 373 1766 respondebimus.
416 1685 504 1744 Aiunt
513 1683 619 1742 Attium
631 1685 849 1760 interrogatum,
869 1705 917 1744 cur
931 1705 1027 1744 causas
1044 1706 1102 1745 nou
1112 1693 1223 1762 ageret,

131 1793 200 1834 urm
210 1773 286 1852 apud
298 1791 361 1832 eum
375 1771 404 1829 in
418 1770 570 1846 tragoediis
582 1768 715 1839 untaus
728 1775 801 1834 emet
814 1771 917 1849 optime
927 1772 1128 1849 respondendi,
1151 1771 1223 1833 hanc

128 1858 454 1929 reddidissarationem,
476 1854 546 1934 quad
558 1854 617 1916 r'lls'c
628 1873 661 1914 ea
672 1852 835 1928 denarius,
858 1875 926 1934 qaae
938 1859 995 1933 ipsc
1005 1855 1098 1930 uellet,
1119 1859 1149 1916 in
1155 1856 1221 1934 soro

78 1943 240 2006 crematuri
255 1941 404 2002 adsume
421 1946 611 2018 euent‚·quae
629 1943 734 1998 minim
751 1939 838 1999 uellet
880 1940 1036 2000 Ridiculum
1051 1948 1094 2002 est
1111 1960 1179 2018 ergo
1192 1942 1265 2006 ints
1289 2019 1293 2023 ,

136 2028 393 2102 exercitationibus,
414 2045 487 2103 quae
505 2027 567 2082 loro
589 2030 807 2101 praeparantur,
826 2025 905 2102 prius
924 2025 1065 2102 cogitare,
1086 2027 1154 2102 quid
1174 2046 1220 2085 re·
1283 2090 1287 2100 ,

114 2113 283 2193 '-spnnderi,
304 2131 404 2188 quam,
422 2111 491 2187 quid
511 2127 552 2168 exv
563 2108 673 2168 haereo
691 2108 746 2167 dici
759 2110 858 2187 possit.
899 2108 939 2169 Et
951 2110 1039 2168 bonas
1053 2115 1222 2188 praeceptor

107 2218 195 2259 *nou
211 2199 301 2256 minus
321 2196 436 2256 laudare
456 2192 619 2272 discipulum
636 2190 736 2268 debet,
757 2193 863 2272 siquid
879 2213 931 2272 pro
946 2194 1072 2270 diversa,
1095 2195 1222 2273 quamsi
1264 2243 1267 2250 ,
1305 2242 1310 2251 1

136 2283 206 2362 quid
220 2302 272 2362 pro
287 2299 337 2341 sua
349 2287 431 2360 parte
444 2281 543 2340 uniter
558 2279 733 2355 excogitavit.
980 2305 983 2310 ·

221 2367 329 2428 Rursus
352 2366 428 2426 aliud
455 2366 484 2424 iu
506 2364 604 2423 scholis
622 2363 835 2444 permittendum
858 2381 984 2445 semper,
1014 2366 1050 2426 in*
1064 2367 1126 2428 t'oro
1146 2371 1288 2432 raro.451
1313 2395 1324 2404 ·

136 2451 212 2516 Nam
222 2451 284 2513 loco
295 2471 314 2512 a
325 2452 445 2532 petitore
460 2450 550 2530 primo
562 2450 780 2510 contradictione
796 2451 837 2510 uti
851 2453 898 2528 qui
911 2471 1072 2529 possumus,
1093 2451 1141 2510 ubi
1155 2471 1222 2512 reta
1334 2473 1337 2477 ·

136 2556 183 2600 res
203 2540 310 2616 agitur,
341 2553 402 2596 arm
424 2535 598 2596 sdversarius
619 2536 710 2594 adhuc
731 2535 799 2594 nihil
818 2535 938 2595 dixerit?
980 2536 1108 2596 Incidunt
1127 2541 1264 2602 umente

136 2623 263 2703 plerique
274 2624 305 2680 iu
315 2622 369 2679 hcc
381 2622 476 2679 vitium
490 2619 535 2678 vel
546 2620 749 2678 cousuetudine
762 2619 972 2693 declamatoria,
994 2619 1038 2678 rel
1049 2621 1132 2678 etiam
1144 2622 1222 2698 cupi-
1296 2681 1300 2688 ,

54 2760 61 2768 .
137 2708 229 2768 ditate
249 2705 373 2764 dicendi:
401 2706 525 2780 dantque
549 2703 636 2763 dese
656 2703 890 2780 respondentibus
909 2704 1117 2764 venustissimos
1136 2704 1222 2782 lusus,

8 2801 11 2806 ’
137 2812 200 2854 cnm
218 2791 319 2862 modo,
345 2808 373 2848 se
388 2807 450 2849 uero
468 2786 538 2848 nihil
553 2786 667 2861 dixisse,
687 2807 777 2864 aeque.
788 2793 844 2846 tam
864 2789 946 2847 stulte
965 2789 1101 2859 dicturos,⁸
1127 2791 1222 2866 modu,

136 2879 198 2937 heac
217 2875 365 2939 admonitas
381 2874 416 2932 oh
434 2873 604 2948 aduersario,
627 2877 745 2948 stagera
754 2877 878 2950 gratias,
901 2874 971 2952 quod
984 2875 1078 2935 nunu
1089 2878 1159 2950 sint,
1179 2877 1243 2958 ing

136 2969 247 3034 cautum
269 2961 487 3038 frequentissime
506 2978 587 3031 vero,
610 2959 641 3017 id
660 2959 738 3035 quod
757 2957 938 3018 firmissimum
957 2967 1015 3034 est,
1039 2966 1222 3040 nusquamst
1288 2976 1292 2982 ·

134 3063 319 3126 ¹espcsrsuuun
333 3043 643 3122 aduerms'uar'fur’rse,
665 3063 734 3121 qaue
752 3048 892 3122 proposita
908 3065 960 3104 nun
980 3051 1078 3123 esent,-
1098 3050 1153 3106 nisi
1169 3049 1221 3108 illa

137 3137 215 3191 scatet
234 3151 299 3192 aera
319 3149 389 3205 esse,
419 3129 502 3190 etad
514 3127 659 3208 fatendum
680 3132 838 3189 concientia
860 3136 926 3190 esset
946 3131 1091 3209 impulsas:
1119 3139 1151 3190 ut
1167 3140 1263 3214 prot?

137 3217 265 3276 Cluentio
287 3213 402 3292 Cicero,
428 3213 504 3275 Nam
524 3214 572 3272 hoc
588 3233 713 3294 persaepe
732 3214 842 3287 dixisti,
864 3217 916 3274 tili
936 3221 976 3276 sic
994 3219 1160 3290 renunciasti,
1182 3237 1222 3278 mc

135 3301 230 3379 babae
242 3304 272 3360 in
293 3305 380 3360 amano
396 3293 505 3361 causum
517 3301 588 3359 hoste
596 3300 733 3378 praesidio
746 3299 814 3376 legis
826 3297 971 3379 defendere.
1014 3299 1093 3359 Itane
1106 3301 1166 3362 est?
1186 3303 1221 3362 ab

136 3391 232 3446 amicis
248 3386 424 3464 imprudenter
443 3385 565 3446 uidelicet
577 3385 737 3464 proditque?
757 3391 782 3442 et
802 3391 842 3443 est
859 3389 945 3444 nescio
965 3389 1024 3466 puis
1036 3387 1070 3444 de
1082 3389 1135 3461 its,
1158 3407 1221 3467 quur
1278 3457 1281 3468 Ι

8 3477 10 3484 ’
135 3476 234 3532 etnicos
246 3472 321 3530 uobis
332 3472 511 3545 arbitramur,
534 3476 583 3548 pur'
601 3475 692 3528 aaran
711 3470 822 3530 curtilia
841 3471 879 3529 ad
896 3472 1079 3531 adsumtione
1095 3472 1222 3551 deserat-i

138 3556 270 3624 Quisnam
283 3557 331 3615 lor
344 3557 396 3616 tibi
407 3555 596 3615 renunciavit?
617 3559 677 3634 puis
689 3560 745 3614 tum
758 3555 889 3634 improbus
896 3556 982 3636 suit?
1002 3561 1048 3616 cai
1067 3575 1116 3634 ega
1132 3566 1222 3618 autem

136 3643 269 3704 mucci?
304 3639 405 3718 Nemo,
426 3647 457 3702 ut
470 3644 576 3720 opinor,
598 3643 627 3698 in
646 3639 732 3718 culpo·
744 3647 798 3710 cst;
818 3644 942 3700 nimirum
954 3643 1006 3702 tibi
1017 3641 1091 3710 istud
1105 3643 1149 3702 lex
1160 3649 1221 3722 ipsa

138 3732 313 3790 sammaa.
354 3727 394 3789 At
414 3728 541 3805 qr'ridam,
562 3725 782 3786 contradictione
797 3746 854 3787 non
873 3729 1012 3802 contenti,
1041 3736 1117 3787 totos
1136 3732 1263 3804 etiamqg

16 3847 22 3854 ·
77 3823 126 3870 trs
136 3814 211 3872 locos
224 3813 374 3890 explicant,
398 3813 477 3873 Suis
498 3825 524 3871 se
538 3813 586 3870 hoc
600 3811 719 3870 &duros
733 3811 916 3888 aduersarios,
939 3819 964 3871 et
977 3817 1019 3872 tta
1027 3819 1218 3892 peroraturus.

16 3937 20 3949 ι
137 3895 224 3967 Quod
244 3898 346 3956 baum
366 3905 480 3960 venante
499 3897 599 3958 nostris
618 3898 789 3978 temporibus
809 3897 888 3959 elusit
909 3899 1005 3960 Vibius
1021 3899 1152 3979 Crispus,
1178 3898 1219 3958 v'lr

126 4091 130 4102 '
206 4080 279 4151 547.
295 4098 345 4152 pro
360 4082 478 4136 amnuo
494 4083 602 4154 Cicero]
626 4102 649 4138 c.
670 4038 715 4142 bi.
814 4071 841 4150 ¹,
