<?xml version="1.0" encoding="UTF-8"?>
<!DOCTYPE html PUBLIC "-//W3C//DTD XHTML 1.0 Transitional//EN"
    "http://www.w3.org/TR/xhtml1/DTD/xhtml1-transitional.dtd">
<html xmlns="http://www.w3.org/1999/xhtml" xml:lang="en" lang="en">
 <head>
  <title>
</title>
<meta http-equiv="Content-Type" content="text/html;charset=utf-8" />
  <meta name='ocr-system' content='tesseract 3.04.00' />
  <meta name='ocr-capabilities' content='ocr_page ocr_carea ocr_par ocr_line ocrx_word'/>
</head>
<body>
  <div class='ocr_page' id='page_1' title='image "./mfabiiquintilia00gerngoog_0184.png"; bbox 0 0 2774 4444; ppageno 0'>
   <div class='ocr_carea' id='block_1_1' title="bbox 396 179 1246 321">
    <p class='ocr_par' dir='ltr' id='par_1_1' title="bbox 396 179 1246 321">
     <span class='ocr_line' id='line_1_1' title="bbox 396 179 1246 321; baseline 0.007 -38"><span class='ocrx_word' id='word_1_1' title='bbox 396 183 527 321; x_wconf 71' lang='lat' dir='ltr'><strong>nisu</strong></span> <span class='ocrx_word' id='word_1_2' title='bbox 548 221 752 284; x_wconf 76' lang='lat' dir='ltr'><strong>oaaron</strong></span> <span class='ocrx_word' id='word_1_3' title='bbox 777 221 864 284; x_wconf 79' lang='lat' dir='ltr'><strong>aru.</strong></span> <span class='ocrx_word' id='word_1_4' title='bbox 886 223 937 300; x_wconf 90' lang='grc' dir='ltr'><strong>ιι,</strong></span> <span class='ocrx_word' id='word_1_5' title='bbox 958 227 1005 290; x_wconf 64' lang='lat' dir='ltr'><strong>a:</strong></span> <span class='ocrx_word' id='word_1_6' title='bbox 1092 197 1111 320; x_wconf 50' lang='lat' dir='ltr'>J</span> <span class='ocrx_word' id='word_1_7' title='bbox 1183 179 1246 289; x_wconf 77' lang='lat' dir='ltr'><strong>aaa</strong></span> 
     </span>
    </p>
   </div>
   <div class='ocr_carea' id='block_1_2' title="bbox 3 369 1380 3652">
    <p class='ocr_par' dir='ltr' id='par_1_2' title="bbox 52 369 1346 1048">
     <span class='ocr_line' id='line_1_2' title="bbox 162 369 1244 458; baseline -0.002 -18"><span class='ocrx_word' id='word_1_8' title='bbox 162 383 193 440; x_wconf 82' lang='lat' dir='ltr'><strong>et</strong></span> <span class='ocrx_word' id='word_1_9' title='bbox 203 398 301 440; x_wconf 81' lang='lat' dir='ltr'><strong>naeuus</strong></span> <span class='ocrx_word' id='word_1_10' title='bbox 315 375 422 457; x_wconf 80' lang='lat' dir='ltr'><strong>Appius</strong></span> <span class='ocrx_word' id='word_1_11' title='bbox 438 382 467 437; x_wconf 86' lang='lat' dir='ltr'><strong>et</strong></span> <span class='ocrx_word' id='word_1_12' title='bbox 480 376 594 436; x_wconf 85' lang='lat' dir='ltr'><strong>Clodius</strong></span> <span class='ocrx_word' id='word_1_13' title='bbox 608 379 710 449; x_wconf 67' lang='lat' dir='ltr'><strong>santa,</strong></span> <span class='ocrx_word' id='word_1_14' title='bbox 732 376 778 436; x_wconf 77' lang='lat' dir='ltr'><strong>ille</strong></span> <span class='ocrx_word' id='word_1_15' title='bbox 787 379 819 436; x_wconf 82' lang='lat' dir='ltr'><strong>in</strong></span> <span class='ocrx_word' id='word_1_16' title='bbox 833 378 1061 458; x_wconf 78' lang='lat' dir='ltr'><strong>castigationem,</strong></span> <span class='ocrx_word' id='word_1_17' title='bbox 1083 377 1128 438; x_wconf 84' lang='lat' dir='ltr'><strong>bie</strong></span> <span class='ocrx_word' id='word_1_18' title='bbox 1140 369 1169 438; x_wconf 89' lang='lat' dir='ltr'><strong>in</strong></span> <span class='ocrx_word' id='word_1_19' title='bbox 1180 377 1244 438; x_wconf 85' lang='lat' dir='ltr'><strong>laur·</strong></span> 
     </span>
     <span class='ocr_line' id='line_1_3' title="bbox 148 455 801 539; baseline -0.006 -15"><span class='ocrx_word' id='word_1_20' title='bbox 148 455 294 525; x_wconf 80' lang='lat' dir='ltr'><strong>‚tationem</strong></span> <span class='ocrx_word' id='word_1_21' title='bbox 305 481 430 521; x_wconf 88' lang='lat' dir='ltr'><strong>amorum</strong></span> <span class='ocrx_word' id='word_1_22' title='bbox 442 464 623 539; x_wconf 88' lang='lat' dir='ltr'><strong>oompositus‚</strong></span> <span class='ocrx_word' id='word_1_23' title='bbox 644 461 801 538; x_wconf 73' lang='lat' dir='ltr'><strong>alloquium</strong></span> 
     </span>
     <span class='ocr_line' id='line_1_4' title="bbox 246 540 1288 623; baseline 0 -15"><span class='ocrx_word' id='word_1_24' title='bbox 246 547 345 608; x_wconf 81' lang='lat' dir='ltr'><strong>Solent</strong></span> <span class='ocrx_word' id='word_1_25' title='bbox 362 549 392 604; x_wconf 88' lang='lat' dir='ltr'><strong>in</strong></span> <span class='ocrx_word' id='word_1_26' title='bbox 410 547 509 608; x_wconf 74' lang='lat' dir='ltr'><strong>seholb</strong></span> <span class='ocrx_word' id='word_1_27' title='bbox 521 547 590 623; x_wconf 81' lang='lat' dir='ltr'><strong>fingi</strong></span> <span class='ocrx_word' id='word_1_28' title='bbox 601 549 735 606; x_wconf 86' lang='lat' dir='ltr'><strong>materiae</strong></span> <span class='ocrx_word' id='word_1_29' title='bbox 747 548 784 605; x_wconf 87' lang='lat' dir='ltr'><strong>ad</strong></span> <span class='ocrx_word' id='word_1_30' title='bbox 798 547 1004 606; x_wconf 82' lang='lat' dir='ltr'><strong>deliberandum</strong></span> <span class='ocrx_word' id='word_1_31' title='bbox 1020 540 1165 608; x_wconf 80' lang='lat' dir='ltr'><strong>similiores</strong></span> <span class='ocrx_word' id='word_1_32' title='bbox 1177 554 1288 610; x_wconf 75' lang='lat' dir='ltr'><strong>eun-,55</strong></span> 
     </span>
     <span class='ocr_line' id='line_1_5' title="bbox 160 633 1245 712; baseline 0 -18"><span class='ocrx_word' id='word_1_33' title='bbox 160 635 318 707; x_wconf 70' lang='lat' dir='ltr'><strong>uovasiis,</strong></span> <span class='ocrx_word' id='word_1_34' title='bbox 340 639 369 692; x_wconf 89' lang='lat' dir='ltr'><strong>et</strong></span> <span class='ocrx_word' id='word_1_35' title='bbox 387 639 558 708; x_wconf 84' lang='lat' dir='ltr'><strong>exutroque</strong></span> <span class='ocrx_word' id='word_1_36' title='bbox 569 651 673 708; x_wconf 80' lang='lat' dir='ltr'><strong>genere</strong></span> <span class='ocrx_word' id='word_1_37' title='bbox 687 633 865 692; x_wconf 78' lang='lat' dir='ltr'><strong>commixtae:</strong></span> <span class='ocrx_word' id='word_1_38' title='bbox 886 639 919 690; x_wconf 92' lang='lat' dir='ltr'><strong>ut</strong></span> <span class='ocrx_word' id='word_1_39' title='bbox 932 651 995 692; x_wconf 78' lang='lat' dir='ltr'><strong>curn</strong></span> <span class='ocrx_word' id='word_1_40' title='bbox 1004 636 1079 712; x_wconf 90' lang='lat' dir='ltr'><strong>apud</strong></span> <span class='ocrx_word' id='word_1_41' title='bbox 1092 634 1127 692; x_wconf 89' lang='lat' dir='ltr'><strong>C.</strong></span> <span class='ocrx_word' id='word_1_42' title='bbox 1140 634 1245 694; x_wconf 79' lang='lat' dir='ltr'><strong>caesa·</strong></span> 
     </span>
     <span class='ocr_line' id='line_1_6' title="bbox 125 717 1244 795; baseline 0 -17"><span class='ocrx_word' id='word_1_43' title='bbox 125 729 128 734; x_wconf 88' lang='lat'>&#39;</span> <span class='ocrx_word' id='word_1_44' title='bbox 161 739 221 778; x_wconf 85' lang='lat' dir='ltr'><strong>rem</strong></span> <span class='ocrx_word' id='word_1_45' title='bbox 242 717 466 777; x_wconf 79' lang='lat' dir='ltr'><strong>consultatiode</strong></span> <span class='ocrx_word' id='word_1_46' title='bbox 483 735 577 795; x_wconf 90' lang='lat' dir='ltr'><strong>poena</strong></span> <span class='ocrx_word' id='word_1_47' title='bbox 594 717 736 776; x_wconf 83' lang='lat' dir='ltr'><strong>Theodoti</strong></span> <span class='ocrx_word' id='word_1_48' title='bbox 749 717 870 795; x_wconf 87' lang='lat' dir='ltr'><strong>ponitur.</strong></span> <span class='ocrx_word' id='word_1_49' title='bbox 913 717 1034 776; x_wconf 77' lang='lat' dir='ltr'><strong>Constat</strong></span> <span class='ocrx_word' id='word_1_50' title='bbox 1047 720 1120 778; x_wconf 89' lang='lat' dir='ltr'><strong>enim</strong></span> <span class='ocrx_word' id='word_1_51' title='bbox 1134 736 1244 778; x_wconf 86' lang='lat' dir='ltr'><strong>aecusa-</strong></span> 
     </span>
     <span class='ocr_line' id='line_1_7' title="bbox 52 801 1287 882; baseline -0.002 -19"><span class='ocrx_word' id='word_1_52' title='bbox 52 801 57 825; x_wconf 77' lang='lat'><strong>¹</strong></span> <span class='ocrx_word' id='word_1_53' title='bbox 153 805 238 876; x_wconf 65' lang='lat' dir='ltr'><strong>,tione</strong></span> <span class='ocrx_word' id='word_1_54' title='bbox 250 809 280 863; x_wconf 81' lang='lat' dir='ltr'><strong>at</strong></span> <span class='ocrx_word' id='word_1_55' title='bbox 293 804 454 862; x_wconf 74' lang='lat' dir='ltr'><strong>‹lesa-aione</strong></span> <span class='ocrx_word' id='word_1_56' title='bbox 466 821 580 875; x_wconf 75' lang='lat' dir='ltr'><strong>eumue,</strong></span> <span class='ocrx_word' id='word_1_57' title='bbox 602 804 678 879; x_wconf 89' lang='lat' dir='ltr'><strong>quod</strong></span> <span class='ocrx_word' id='word_1_58' title='bbox 690 809 734 860; x_wconf 86' lang='lat' dir='ltr'><strong>ast</strong></span> <span class='ocrx_word' id='word_1_59' title='bbox 747 802 913 861; x_wconf 81' lang='lat' dir='ltr'><strong>iudicialium</strong></span> <span class='ocrx_word' id='word_1_60' title='bbox 923 804 1074 880; x_wconf 88' lang='lat' dir='ltr'><strong>proprium.</strong></span> <span class='ocrx_word' id='word_1_61' title='bbox 1106 804 1287 882; x_wconf 72' lang='lat' dir='ltr'><strong>Permixtaib</strong></span> 
     </span>
     <span class='ocr_line' id='line_1_8' title="bbox 161 881 1346 966; baseline -0.001 -18"><span class='ocrx_word' id='word_1_62' title='bbox 161 896 256 948; x_wconf 85' lang='lat' dir='ltr'><strong>autem</strong></span> <span class='ocrx_word' id='word_1_63' title='bbox 268 881 316 948; x_wconf 81' lang='lat' dir='ltr'><strong>&#39;esi</strong></span> <span class='ocrx_word' id='word_1_64' title='bbox 330 895 359 946; x_wconf 87' lang='lat' dir='ltr'><strong>et</strong></span> <span class='ocrx_word' id='word_1_65' title='bbox 375 887 502 946; x_wconf 79' lang='lat' dir='ltr'><strong>utilitatis</strong></span> <span class='ocrx_word' id='word_1_66' title='bbox 521 889 609 960; x_wconf 86' lang='lat' dir='ltr'><strong>ratio,</strong></span> <span class='ocrx_word' id='word_1_67' title='bbox 629 888 673 946; x_wconf 74' lang='lat' dir='ltr'><strong>An</strong></span> <span class='ocrx_word' id='word_1_68' title='bbox 681 907 733 964; x_wconf 81' lang='lat' dir='ltr'><strong>pra</strong></span> <span class='ocrx_word' id='word_1_69' title='bbox 748 887 860 960; x_wconf 74' lang='lat' dir='ltr'><strong>Gamra</strong></span> <span class='ocrx_word' id='word_1_70' title='bbox 867 887 957 966; x_wconf 81' lang='lat' dir='ltr'><strong>fuerit</strong></span> <span class='ocrx_word' id='word_1_71' title='bbox 971 889 1058 946; x_wconf 72' lang='lat' dir='ltr'><strong>occidi</strong></span> <span class='ocrx_word' id='word_1_72' title='bbox 1069 887 1245 966; x_wconf 69' lang='lat' dir='ltr'><strong>Pompeium?</strong></span> <span class='ocrx_word' id='word_1_73' title='bbox 1331 909 1346 936; x_wconf 60' lang='lat' dir='ltr'><strong>a</strong></span> 
     </span>
     <span class='ocr_line' id='line_1_9' title="bbox 63 971 1253 1048; baseline -0.001 -15"><span class='ocrx_word' id='word_1_74' title='bbox 63 994 67 1002; x_wconf 80' lang='grc'>’</span> <span class='ocrx_word' id='word_1_75' title='bbox 160 975 204 1034; x_wconf 77' lang='lat' dir='ltr'><strong>An</strong></span> <span class='ocrx_word' id='word_1_76' title='bbox 216 973 360 1032; x_wconf 77' lang='lat' dir='ltr'><strong>timendum</strong></span> <span class='ocrx_word' id='word_1_77' title='bbox 373 990 392 1032; x_wconf 91' lang='lat' dir='ltr'><strong>a</strong></span> <span class='ocrx_word' id='word_1_78' title='bbox 403 973 584 1048; x_wconf 75' lang='lat' dir='ltr'><strong>regatellum,</strong></span> <span class='ocrx_word' id='word_1_79' title='bbox 606 976 632 1031; x_wconf 74' lang='lat' dir='ltr'><strong>u·</strong></span> <span class='ocrx_word' id='word_1_80' title='bbox 647 971 797 1032; x_wconf 69' lang='lat' dir='ltr'><strong>ramum</strong></span> <span class='ocrx_word' id='word_1_81' title='bbox 815 977 853 1030; x_wconf 79' lang='lat' dir='ltr'><strong>ait</strong></span> <span class='ocrx_word' id='word_1_82' title='bbox 874 973 997 1031; x_wconf 70' lang='lat' dir='ltr'><strong>masas?</strong></span> <span class='ocrx_word' id='word_1_83' title='bbox 1029 973 1122 1031; x_wconf 77' lang='lat' dir='ltr'><strong>Ars-id</strong></span> <span class='ocrx_word' id='word_1_84' title='bbox 1140 977 1253 1042; x_wconf 65' lang='lat' dir='ltr'><strong>mana,</strong></span> 
     </span>
    </p>

    <p class='ocr_par' dir='ltr' id='par_1_3' title="bbox 84 1056 1286 1306">
     <span class='ocr_line' id='line_1_10' title="bbox 84 1056 1244 1142; baseline -0.001 -23"><span class='ocrx_word' id='word_1_85' title='bbox 84 1129 87 1134; x_wconf 16' lang='grc' dir='ltr'><strong>Δ</strong></span> <span class='ocrx_word' id='word_1_86' title='bbox 125 1133 129 1142; x_wconf 35' lang='grc'><strong><em>1</em></strong></span> <span class='ocrx_word' id='word_1_87' title='bbox 161 1065 334 1138; x_wconf 82' lang='lat' dir='ltr'><strong>opportunam</strong></span> <span class='ocrx_word' id='word_1_88' title='bbox 352 1059 400 1120; x_wconf 83' lang='lat' dir='ltr'><strong>boa</strong></span> <span class='ocrx_word' id='word_1_89' title='bbox 411 1064 537 1136; x_wconf 81' lang='lat' dir='ltr'><strong>ternpore,</strong></span> <span class='ocrx_word' id='word_1_90' title='bbox 558 1064 584 1117; x_wconf 83' lang='lat' dir='ltr'><strong>et</strong></span> <span class='ocrx_word' id='word_1_91' title='bbox 592 1058 786 1136; x_wconf 76' lang='lat' dir='ltr'><strong>periculorum,</strong></span> <span class='ocrx_word' id='word_1_92' title='bbox 807 1063 835 1116; x_wconf 80' lang='lat' dir='ltr'><strong>at</strong></span> <span class='ocrx_word' id='word_1_93' title='bbox 850 1063 917 1118; x_wconf 70' lang='lat' dir='ltr'><strong>carte</strong></span> <span class='ocrx_word' id='word_1_94' title='bbox 930 1056 1037 1134; x_wconf 79' lang='lat' dir='ltr'><strong>largum</strong></span> <span class='ocrx_word' id='word_1_95' title='bbox 1050 1059 1244 1137; x_wconf 72' lang='lat' dir='ltr'><strong>adfuturum?</strong></span> 
     </span>
     <span class='ocr_line' id='line_1_11' title="bbox 160 1142 1286 1222; baseline 0.002 -20"><span class='ocrx_word' id='word_1_96' title='bbox 160 1145 310 1214; x_wconf 75' lang='lat' dir='ltr'><strong>Quaeritur</strong></span> <span class='ocrx_word' id='word_1_97' title='bbox 328 1151 358 1204; x_wconf 90' lang='lat' dir='ltr'><strong>et</strong></span> <span class='ocrx_word' id='word_1_98' title='bbox 378 1145 414 1204; x_wconf 90' lang='lat' dir='ltr'><strong>de</strong></span> <span class='ocrx_word' id='word_1_99' title='bbox 432 1144 567 1217; x_wconf 81' lang='lat' dir='ltr'><strong>honesto,</strong></span> <span class='ocrx_word' id='word_1_100' title='bbox 595 1143 729 1202; x_wconf 82' lang='lat' dir='ltr'><strong>Deceatne</strong></span> <span class='ocrx_word' id='word_1_101' title='bbox 747 1143 884 1202; x_wconf 71' lang='grc' dir='ltr'><strong>Οιωαιειι</strong></span> <span class='ocrx_word' id='word_1_102' title='bbox 899 1143 968 1202; x_wconf 80' lang='lat' dir='ltr'><strong>ulu&#39;o</strong></span> <span class='ocrx_word' id='word_1_103' title='bbox 982 1142 1123 1222; x_wconf 74' lang='lat' dir='ltr'><strong>Pompeii?</strong></span> <span class='ocrx_word' id='word_1_104' title='bbox 1152 1146 1195 1202; x_wconf 80' lang='lat' dir='ltr'><strong>An</strong></span> <span class='ocrx_word' id='word_1_105' title='bbox 1208 1148 1286 1204; x_wconf 76' lang='lat' dir='ltr'><strong>ait57</strong></span> 
     </span>
     <span class='ocr_line' id='line_1_12' title="bbox 157 1227 1244 1306; baseline -0.002 -17"><span class='ocrx_word' id='word_1_106' title='bbox 157 1231 313 1304; x_wconf 67' lang='lat' dir='ltr'><strong>uetadun,</strong></span> <span class='ocrx_word' id='word_1_107' title='bbox 336 1249 369 1288; x_wconf 86' lang='lat' dir='ltr'><strong>na</strong></span> <span class='ocrx_word' id='word_1_108' title='bbox 384 1233 498 1306; x_wconf 79' lang='lat' dir='ltr'><strong>peiorem</strong></span> <span class='ocrx_word' id='word_1_109' title='bbox 514 1227 609 1306; x_wconf 81' lang='lat' dir='ltr'><strong>faeiat</strong></span> <span class='ocrx_word' id='word_1_110' title='bbox 630 1233 1020 1306; x_wconf 65' lang='lat' dir='ltr'><strong>summonitionem,</strong></span> <span class='ocrx_word' id='word_1_111' title='bbox 1043 1232 1074 1286; x_wconf 82' lang='lat' dir='ltr'><strong>&#39;a&#39;</strong></span> <span class='ocrx_word' id='word_1_112' title='bbox 1091 1229 1244 1306; x_wconf 81' lang='lat' dir='ltr'><strong>Pompeium</strong></span> 
     </span>
    </p>

    <p class='ocr_par' dir='ltr' id='par_1_4' title="bbox 138 1312 1286 1477">
     <span class='ocr_line' id='line_1_13' title="bbox 138 1312 1286 1393; baseline -0.003 -17"><span class='ocrx_word' id='word_1_113' title='bbox 138 1369 148 1380; x_wconf 88' lang='grc'><strong>,.</strong></span> <span class='ocrx_word' id='word_1_114' title='bbox 156 1317 298 1393; x_wconf 53' lang='lat' dir='ltr'><strong>Qum</strong></span> <span class='ocrx_word' id='word_1_115' title='bbox 311 1315 392 1372; x_wconf 82' lang='lat' dir='ltr'><strong>inerte</strong></span> <span class='ocrx_word' id='word_1_116' title='bbox 400 1312 551 1391; x_wconf 73' lang='lat' dir='ltr'><strong>fateatur?</strong></span> <span class='ocrx_word' id='word_1_117' title='bbox 587 1315 673 1382; x_wconf 87' lang='lat' dir='ltr'><strong>Quod</strong></span> <span class='ocrx_word' id='word_1_118' title='bbox 686 1335 773 1391; x_wconf 80' lang='lat' dir='ltr'><strong>genus</strong></span> <span class='ocrx_word' id='word_1_119' title='bbox 787 1315 911 1374; x_wconf 83' lang='lat' dir='ltr'><strong>accidere</strong></span> <span class='ocrx_word' id='word_1_120' title='bbox 923 1316 1007 1375; x_wconf 86' lang='lat' dir='ltr'><strong>etiam</strong></span> <span class='ocrx_word' id='word_1_121' title='bbox 1018 1316 1128 1374; x_wconf 82' lang='lat' dir='ltr'><strong>veritati</strong></span> <span class='ocrx_word' id='word_1_122' title='bbox 1139 1321 1242 1392; x_wconf 87' lang='lat' dir='ltr'><strong>potest.</strong></span> <span class='ocrx_word' id='word_1_123' title='bbox 1250 1317 1286 1372; x_wconf 79' lang='lat'><strong>58</strong></span> 
     </span>
     <span class='ocr_line' id='line_1_14' title="bbox 166 1399 1244 1477; baseline 0.004 -23"><span class='ocrx_word' id='word_1_124' title='bbox 166 1443 168 1454; x_wconf 91' lang='lat'>.</span> <span class='ocrx_word' id='word_1_125' title='bbox 244 1399 313 1460; x_wconf 88' lang='lat' dir='ltr'><strong>Non</strong></span> <span class='ocrx_word' id='word_1_126' title='bbox 324 1399 439 1476; x_wconf 78' lang='lat' dir='ltr'>simplex</span> <span class='ocrx_word' id='word_1_127' title='bbox 453 1407 545 1456; x_wconf 88' lang='lat' dir='ltr'><strong>autem</strong></span> <span class='ocrx_word' id='word_1_128' title='bbox 557 1400 629 1457; x_wconf 84' lang='lat' dir='ltr'><strong>eirea</strong></span> <span class='ocrx_word' id='word_1_129' title='bbox 644 1401 780 1457; x_wconf 85' lang='lat' dir='ltr'><strong>suasorias</strong></span> <span class='ocrx_word' id='word_1_130' title='bbox 798 1419 874 1459; x_wconf 86' lang='lat' dir='ltr'><strong>error</strong></span> <span class='ocrx_word' id='word_1_131' title='bbox 885 1401 916 1459; x_wconf 91' lang='lat' dir='ltr'><strong>iu</strong></span> <span class='ocrx_word' id='word_1_132' title='bbox 926 1400 1064 1477; x_wconf 85' lang='lat' dir='ltr'><strong>plerisque</strong></span> <span class='ocrx_word' id='word_1_133' title='bbox 1077 1400 1244 1459; x_wconf 79' lang='lat' dir='ltr'><strong>declamato-</strong></span> 
     </span>
    </p>

    <p class='ocr_par' dir='ltr' id='par_1_5' title="bbox 4 1485 1297 2073">
     <span class='ocr_line' id='line_1_15' title="bbox 4 1485 1243 1560; baseline -0.002 -14"><span class='ocrx_word' id='word_1_134' title='bbox 4 1519 6 1528; x_wconf 34' lang='grc' dir='ltr'>ι</span> <span class='ocrx_word' id='word_1_135' title='bbox 81 1523 85 1531; x_wconf 71' lang='grc'><strong><em>«</em></strong></span> <span class='ocrx_word' id='word_1_136' title='bbox 158 1487 235 1546; x_wconf 80' lang='lat' dir='ltr'><strong>ribus</strong></span> <span class='ocrx_word' id='word_1_137' title='bbox 246 1486 315 1557; x_wconf 80' lang='lat' dir='ltr'><strong>sirit,</strong></span> <span class='ocrx_word' id='word_1_138' title='bbox 336 1485 384 1560; x_wconf 90' lang='lat' dir='ltr'><strong>qui</strong></span> <span class='ocrx_word' id='word_1_139' title='bbox 399 1485 509 1542; x_wconf 80' lang='lat' dir='ltr'><strong>dicendi</strong></span> <span class='ocrx_word' id='word_1_140' title='bbox 520 1503 608 1559; x_wconf 82' lang='lat' dir='ltr'><strong>genus</strong></span> <span class='ocrx_word' id='word_1_141' title='bbox 620 1485 648 1542; x_wconf 91' lang='lat' dir='ltr'><strong>in</strong></span> <span class='ocrx_word' id='word_1_142' title='bbox 662 1485 704 1541; x_wconf 88' lang='lat' dir='ltr'><strong>his</strong></span> <span class='ocrx_word' id='word_1_143' title='bbox 716 1485 868 1557; x_wconf 86' lang='lat' dir='ltr'><strong>diversum,</strong></span> <span class='ocrx_word' id='word_1_144' title='bbox 888 1490 974 1559; x_wconf 85' lang='lat' dir='ltr'><strong>atque</strong></span> <span class='ocrx_word' id='word_1_145' title='bbox 993 1486 1021 1542; x_wconf 88' lang='lat' dir='ltr'><strong>in</strong></span> <span class='ocrx_word' id='word_1_146' title='bbox 1038 1492 1127 1542; x_wconf 75' lang='lat' dir='ltr'><strong>totana</strong></span> <span class='ocrx_word' id='word_1_147' title='bbox 1144 1485 1182 1544; x_wconf 92' lang='lat' dir='ltr'><strong>illi</strong></span> <span class='ocrx_word' id='word_1_148' title='bbox 1201 1486 1243 1544; x_wconf 89' lang='lat' dir='ltr'><strong>iu·</strong></span> 
     </span>
     <span class='ocr_line' id='line_1_16' title="bbox 159 1569 1244 1647; baseline -0.003 -16"><span class='ocrx_word' id='word_1_149' title='bbox 159 1571 250 1646; x_wconf 78' lang='lat' dir='ltr'><strong>diciali</strong></span> <span class='ocrx_word' id='word_1_150' title='bbox 268 1569 435 1628; x_wconf 73' lang='lat' dir='ltr'><strong>mnu-arium</strong></span> <span class='ocrx_word' id='word_1_151' title='bbox 453 1589 515 1628; x_wconf 83' lang='lat' dir='ltr'><strong>esse</strong></span> <span class='ocrx_word' id='word_1_152' title='bbox 534 1570 731 1627; x_wconf 71' lang='lat' dir='ltr'><strong>existimarunt.</strong></span> <span class='ocrx_word' id='word_1_153' title='bbox 761 1569 848 1628; x_wconf 78' lang='lat' dir='ltr'><strong>Nam</strong></span> <span class='ocrx_word' id='word_1_154' title='bbox 870 1576 899 1628; x_wconf 89' lang='lat' dir='ltr'><strong>et</strong></span> <span class='ocrx_word' id='word_1_155' title='bbox 910 1569 1044 1647; x_wconf 79' lang='lat' dir='ltr'><strong>principia</strong></span> <span class='ocrx_word' id='word_1_156' title='bbox 1057 1571 1191 1647; x_wconf 72' lang='lat' dir='ltr'><strong>obnupta,</strong></span> <span class='ocrx_word' id='word_1_157' title='bbox 1213 1575 1244 1628; x_wconf 81' lang='lat' dir='ltr'><strong>et</strong></span> 
     </span>
     <span class='ocr_line' id='line_1_17' title="bbox 158 1647 1243 1734; baseline -0.001 -18"><span class='ocrx_word' id='word_1_158' title='bbox 158 1647 447 1734; x_wconf 68' lang='lat' dir='ltr'><strong>connatam‘sempar</strong></span> <span class='ocrx_word' id='word_1_159' title='bbox 457 1655 620 1727; x_wconf 77' lang='lat' dir='ltr'><strong>emtionem,</strong></span> <span class='ocrx_word' id='word_1_160' title='bbox 640 1655 709 1714; x_wconf 89' lang='lat' dir='ltr'><strong>etin</strong></span> <span class='ocrx_word' id='word_1_161' title='bbox 721 1655 810 1714; x_wconf 85' lang='lat' dir='ltr'><strong>verbis</strong></span> <span class='ocrx_word' id='word_1_162' title='bbox 823 1655 988 1732; x_wconf 75' lang='lat' dir='ltr'><strong>efferimur,</strong></span> <span class='ocrx_word' id='word_1_163' title='bbox 1014 1661 1046 1712; x_wconf 92' lang='lat' dir='ltr'><strong>ut</strong></span> <span class='ocrx_word' id='word_1_164' title='bbox 1066 1656 1117 1732; x_wconf 81' lang='lat' dir='ltr'><strong>ipsi</strong></span> <span class='ocrx_word' id='word_1_165' title='bbox 1133 1661 1243 1728; x_wconf 75' lang='lat' dir='ltr'><strong>vocant,</strong></span> 
     </span>
     <span class='ocr_line' id='line_1_18' title="bbox 158 1732 1295 1818; baseline -0.003 -17"><span class='ocrx_word' id='word_1_166' title='bbox 158 1743 259 1801; x_wconf 83' lang='lat' dir='ltr'><strong>uultum</strong></span> <span class='ocrx_word' id='word_1_167' title='bbox 273 1741 488 1812; x_wconf 72' lang='lat' dir='ltr'><strong>affecmrerunt,</strong></span> <span class='ocrx_word' id='word_1_168' title='bbox 510 1746 539 1818; x_wconf 88' lang='lat' dir='ltr'><strong>et</strong></span> <span class='ocrx_word' id='word_1_169' title='bbox 553 1758 647 1798; x_wconf 87' lang='lat' dir='ltr'><strong>earum</strong></span> <span class='ocrx_word' id='word_1_170' title='bbox 660 1741 799 1799; x_wconf 85' lang='lat' dir='ltr'><strong>breviores</strong></span> <span class='ocrx_word' id='word_1_171' title='bbox 812 1742 909 1816; x_wconf 87' lang='lat' dir='ltr'><strong>utique</strong></span> <span class='ocrx_word' id='word_1_172' title='bbox 920 1741 1146 1812; x_wconf 83' lang='lat' dir='ltr'><strong>nommantarios,</strong></span> <span class='ocrx_word' id='word_1_173' title='bbox 1159 1732 1260 1816; x_wconf 42' lang='lat' dir='ltr'><strong>quam*</strong></span> <span class='ocrx_word' id='word_1_174' title='bbox 1293 1739 1295 1744; x_wconf 80' lang='lat'>&#39;</span> 
     </span>
     <span class='ocr_line' id='line_1_19' title="bbox 157 1823 1297 1909; baseline -0.002 -23"><span class='ocrx_word' id='word_1_175' title='bbox 157 1827 253 1909; x_wconf 78' lang='lat' dir='ltr'><strong>legalis</strong></span> <span class='ocrx_word' id='word_1_176' title='bbox 266 1827 414 1903; x_wconf 82' lang='lat' dir='ltr'><strong>materiae,</strong></span> <span class='ocrx_word' id='word_1_177' title='bbox 435 1827 526 1884; x_wconf 83' lang='lat' dir='ltr'><strong>facere</strong></span> <span class='ocrx_word' id='word_1_178' title='bbox 538 1825 722 1884; x_wconf 75' lang='lat' dir='ltr'><strong>elaborarunt.</strong></span> <span class='ocrx_word' id='word_1_179' title='bbox 765 1825 830 1902; x_wconf 81' lang='lat' dir='ltr'><strong>Ego</strong></span> <span class='ocrx_word' id='word_1_180' title='bbox 847 1843 931 1905; x_wconf 88' lang='lat' dir='ltr'><strong>porro</strong></span> <span class='ocrx_word' id='word_1_181' title='bbox 949 1831 979 1882; x_wconf 86' lang='lat' dir='ltr'><strong>ut</strong></span> <span class='ocrx_word' id='word_1_182' title='bbox 998 1824 1141 1902; x_wconf 88' lang='lat' dir='ltr'><strong>prooemio</strong></span> <span class='ocrx_word' id='word_1_183' title='bbox 1161 1823 1297 1898; x_wconf 58' lang='lat' dir='ltr'><strong>video‘bbu</strong></span> 
     </span>
     <span class='ocr_line' id='line_1_20' title="bbox 158 1912 1263 1990; baseline -0.003 -19"><span class='ocrx_word' id='word_1_184' title='bbox 158 1932 216 1971; x_wconf 89' lang='lat' dir='ltr'><strong>non</strong></span> <span class='ocrx_word' id='word_1_185' title='bbox 235 1913 423 1988; x_wconf 68' lang='lat' dir='ltr'><strong>utiquaopus</strong></span> <span class='ocrx_word' id='word_1_186' title='bbox 444 1929 504 1970; x_wconf 88' lang='lat' dir='ltr'><strong>esse</strong></span> <span class='ocrx_word' id='word_1_187' title='bbox 523 1912 669 1983; x_wconf 79' lang='lat' dir='ltr'><strong>suasoriis,</strong></span> <span class='ocrx_word' id='word_1_188' title='bbox 689 1917 804 1989; x_wconf 90' lang='lat' dir='ltr'><strong>propter</strong></span> <span class='ocrx_word' id='word_1_189' title='bbox 821 1931 890 1988; x_wconf 85' lang='lat' dir='ltr'><strong>quas</strong></span> <span class='ocrx_word' id='word_1_190' title='bbox 903 1912 960 1969; x_wconf 86' lang='lat' dir='ltr'><strong>dixi</strong></span> <span class='ocrx_word' id='word_1_191' title='bbox 972 1929 1056 1988; x_wconf 85' lang='lat' dir='ltr'><strong>supra</strong></span> <span class='ocrx_word' id='word_1_192' title='bbox 1069 1929 1180 1984; x_wconf 70' lang='lat' dir='ltr'><strong>musas,</strong></span> <span class='ocrx_word' id='word_1_193' title='bbox 1202 1912 1263 1990; x_wconf 36' lang='lat' dir='ltr'><strong>ita·</strong></span> 
     </span>
     <span class='ocr_line' id='line_1_21' title="bbox 158 1993 1243 2073; baseline -0.004 -15"><span class='ocrx_word' id='word_1_194' title='bbox 158 2017 207 2058; x_wconf 87' lang='lat' dir='ltr'><strong>cur</strong></span> <span class='ocrx_word' id='word_1_195' title='bbox 217 1997 296 2056; x_wconf 87' lang='lat' dir='ltr'><strong>initio</strong></span> <span class='ocrx_word' id='word_1_196' title='bbox 307 1997 412 2055; x_wconf 75' lang='lat' dir='ltr'><strong>flurium</strong></span> <span class='ocrx_word' id='word_1_197' title='bbox 423 1997 459 2054; x_wconf 88' lang='lat' dir='ltr'><strong>sit</strong></span> <span class='ocrx_word' id='word_1_198' title='bbox 468 1995 689 2070; x_wconf 83' lang='lat' dir='ltr'><strong>exclamandum,</strong></span> <span class='ocrx_word' id='word_1_199' title='bbox 711 1993 768 2054; x_wconf 84' lang='lat' dir='ltr'><strong>non</strong></span> <span class='ocrx_word' id='word_1_200' title='bbox 778 1996 918 2072; x_wconf 76' lang='lat' dir='ltr'><strong>butelligo:</strong></span> <span class='ocrx_word' id='word_1_201' title='bbox 939 2015 1001 2054; x_wconf 87' lang='lat' dir='ltr'><strong>eum</strong></span> <span class='ocrx_word' id='word_1_202' title='bbox 1017 1997 1160 2073; x_wconf 81' lang='lat' dir='ltr'><strong>proposita</strong></span> <span class='ocrx_word' id='word_1_203' title='bbox 1176 2015 1243 2054; x_wconf 81' lang='lat' dir='ltr'><strong>con-</strong></span> 
     </span>
    </p>

    <p class='ocr_par' dir='ltr' id='par_1_6' title="bbox 3 2081 1350 3096">
     <span class='ocr_line' id='line_1_22' title="bbox 3 2081 1341 2158; baseline -0.006 -12"><span class='ocrx_word' id='word_1_204' title='bbox 3 2141 5 2146; x_wconf 83' lang='lat'><em>.</em></span> <span class='ocrx_word' id='word_1_205' title='bbox 100 2097 148 2143; x_wconf 75' lang='lat'><strong>2⁸5</strong></span> <span class='ocrx_word' id='word_1_206' title='bbox 158 2084 306 2142; x_wconf 84' lang='lat' dir='ltr'><strong>saltatione</strong></span> <span class='ocrx_word' id='word_1_207' title='bbox 318 2088 431 2158; x_wconf 81' lang='lat' dir='ltr'><strong>rogatus</strong></span> <span class='ocrx_word' id='word_1_208' title='bbox 444 2082 625 2154; x_wconf 80' lang='lat' dir='ltr'><strong>sententiam,</strong></span> <span class='ocrx_word' id='word_1_209' title='bbox 648 2081 773 2138; x_wconf 85' lang='lat' dir='ltr'><strong>simodo</strong></span> <span class='ocrx_word' id='word_1_210' title='bbox 792 2088 837 2139; x_wconf 87' lang='lat' dir='ltr'><strong>est</strong></span> <span class='ocrx_word' id='word_1_211' title='bbox 856 2099 954 2151; x_wconf 88' lang='lat' dir='ltr'><strong>sanus,</strong></span> <span class='ocrx_word' id='word_1_212' title='bbox 975 2081 1171 2156; x_wconf 79' lang='lat' dir='ltr'><strong>nonquiaitet,</strong></span> <span class='ocrx_word' id='word_1_213' title='bbox 1193 2081 1243 2140; x_wconf 85' lang='lat' dir='ltr'><strong>sed</strong></span> <span class='ocrx_word' id='word_1_214' title='bbox 1327 2085 1341 2112; x_wconf 61' lang='lat'><strong>&#39;¹</strong></span> 
     </span>
     <span class='ocr_line' id='line_1_23' title="bbox 158 2163 1346 2246; baseline -0.004 -20"><span class='ocrx_word' id='word_1_215' title='bbox 158 2171 242 2246; x_wconf 86' lang='lat' dir='ltr'><strong>qnam</strong></span> <span class='ocrx_word' id='word_1_216' title='bbox 257 2169 376 2226; x_wconf 86' lang='lat' dir='ltr'><strong>maxime</strong></span> <span class='ocrx_word' id='word_1_217' title='bbox 393 2172 488 2244; x_wconf 89' lang='lat' dir='ltr'><strong>potest</strong></span> <span class='ocrx_word' id='word_1_218' title='bbox 506 2164 578 2224; x_wconf 84' lang='lat' dir='ltr'><strong>civili</strong></span> <span class='ocrx_word' id='word_1_219' title='bbox 596 2172 629 2224; x_wconf 75' lang='lat' dir='ltr'><strong>et.</strong></span> <span class='ocrx_word' id='word_1_220' title='bbox 641 2165 760 2224; x_wconf 88' lang='lat' dir='ltr'><strong>humano</strong></span> <span class='ocrx_word' id='word_1_221' title='bbox 773 2166 900 2240; x_wconf 75' lang='lat' dir='ltr'><strong>ingressu</strong></span> <span class='ocrx_word' id='word_1_222' title='bbox 912 2165 1011 2224; x_wconf 85' lang='lat' dir='ltr'><strong>mereri</strong></span> <span class='ocrx_word' id='word_1_223' title='bbox 1023 2183 1162 2224; x_wconf 76' lang='lat' dir='ltr'><strong>assensum</strong></span> <span class='ocrx_word' id='word_1_224' title='bbox 1174 2163 1243 2225; x_wconf 84' lang='lat' dir='ltr'><strong>deli·</strong></span> <span class='ocrx_word' id='word_1_225' title='bbox 1344 2183 1346 2188; x_wconf 57' lang='lat'><strong><em>¹</em></strong></span> 
     </span>
     <span class='ocr_line' id='line_1_24' title="bbox 158 2250 1284 2328; baseline -0.001 -15"><span class='ocrx_word' id='word_1_226' title='bbox 158 2254 281 2314; x_wconf 84' lang='lat' dir='ltr'><strong>berautis</strong></span> <span class='ocrx_word' id='word_1_227' title='bbox 294 2251 369 2310; x_wconf 68' lang='lat' dir='ltr'><strong>velit.</strong></span> <span class='ocrx_word' id='word_1_228' title='bbox 413 2251 472 2308; x_wconf 93' lang='lat' dir='ltr'><strong>Cur</strong></span> <span class='ocrx_word' id='word_1_229' title='bbox 489 2255 583 2308; x_wconf 84' lang='lat' dir='ltr'><strong>autem</strong></span> <span class='ocrx_word' id='word_1_230' title='bbox 596 2257 721 2323; x_wconf 84' lang='lat' dir='ltr'><strong>torrens,</strong></span> <span class='ocrx_word' id='word_1_231' title='bbox 743 2257 773 2328; x_wconf 85' lang='lat' dir='ltr'><strong>et</strong></span> <span class='ocrx_word' id='word_1_232' title='bbox 782 2251 880 2326; x_wconf 85' lang='lat' dir='ltr'><strong>utique</strong></span> <span class='ocrx_word' id='word_1_233' title='bbox 892 2250 1046 2327; x_wconf 87' lang='lat' dir='ltr'><strong>aequaliter</strong></span> <span class='ocrx_word' id='word_1_234' title='bbox 1057 2250 1194 2308; x_wconf 76' lang='lat' dir='ltr'><strong>maritata</strong></span> <span class='ocrx_word' id='word_1_235' title='bbox 1206 2251 1284 2313; x_wconf 80' lang='lat' dir='ltr'><strong>sitae</strong></span> 
     </span>
     <span class='ocr_line' id='line_1_25' title="bbox 158 2335 1260 2415; baseline -0.003 -17"><span class='ocrx_word' id='word_1_236' title='bbox 158 2339 188 2397; x_wconf 92' lang='lat' dir='ltr'><strong>in</strong></span> <span class='ocrx_word' id='word_1_237' title='bbox 208 2355 243 2398; x_wconf 80' lang='lat' dir='ltr'><strong>aa</strong></span> <span class='ocrx_word' id='word_1_238' title='bbox 261 2335 376 2396; x_wconf 83' lang='lat' dir='ltr'><strong>dicentis</strong></span> <span class='ocrx_word' id='word_1_239' title='bbox 396 2335 501 2408; x_wconf 89' lang='lat' dir='ltr'><strong>oratio,</strong></span> <span class='ocrx_word' id='word_1_240' title='bbox 526 2355 586 2394; x_wconf 87' lang='lat' dir='ltr'><strong>cum</strong></span> <span class='ocrx_word' id='word_1_241' title='bbox 598 2336 642 2396; x_wconf 85' lang='lat' dir='ltr'><strong>rel</strong></span> <span class='ocrx_word' id='word_1_242' title='bbox 660 2337 807 2415; x_wconf 77' lang='lat' dir='ltr'><strong>praecipue</strong></span> <span class='ocrx_word' id='word_1_243' title='bbox 819 2338 1037 2396; x_wconf 79' lang='lat' dir='ltr'><strong>moderationem</strong></span> <span class='ocrx_word' id='word_1_244' title='bbox 1052 2335 1260 2414; x_wconf 75' lang='lat' dir='ltr'><strong>rationemque</strong></span> 
     </span>
     <span class='ocr_line' id='line_1_26' title="bbox 158 2418 1242 2509; baseline -0.003 -26"><span class='ocrx_word' id='word_1_245' title='bbox 158 2423 272 2483; x_wconf 84' lang='lat' dir='ltr'><strong>eonsilia</strong></span> <span class='ocrx_word' id='word_1_246' title='bbox 289 2418 471 2509; x_wconf 58' lang='lat' dir='ltr'><strong>desiderent}</strong></span> <span class='ocrx_word' id='word_1_247' title='bbox 512 2419 615 2498; x_wconf 82' lang='lat' dir='ltr'><strong>Neque</strong></span> <span class='ocrx_word' id='word_1_248' title='bbox 641 2441 695 2498; x_wconf 80' lang='lat' dir='ltr'><strong>ego</strong></span> <span class='ocrx_word' id='word_1_249' title='bbox 721 2424 895 2499; x_wconf 86' lang='lat' dir='ltr'><strong>negaverim,</strong></span> <span class='ocrx_word' id='word_1_250' title='bbox 923 2423 1033 2501; x_wconf 72' lang='lat' dir='ltr'><strong>saepuus</strong></span> <span class='ocrx_word' id='word_1_251' title='bbox 1053 2420 1196 2488; x_wconf 84' lang='lat' dir='ltr'><strong>subsidere</strong></span> <span class='ocrx_word' id='word_1_252' title='bbox 1212 2423 1242 2480; x_wconf 87' lang='lat' dir='ltr'><strong>in</strong></span> 
     </span>
     <span class='ocr_line' id='line_1_27' title="bbox 158 2507 1242 2588; baseline -0.004 -20"><span class='ocrx_word' id='word_1_253' title='bbox 158 2509 350 2568; x_wconf 78' lang='lat' dir='ltr'><strong>wutroversiis</strong></span> <span class='ocrx_word' id='word_1_254' title='bbox 374 2507 507 2585; x_wconf 74' lang='lat' dir='ltr'><strong>imponam</strong></span> <span class='ocrx_word' id='word_1_255' title='bbox 533 2507 644 2588; x_wconf 80' lang='lat' dir='ltr'><strong>dicendi</strong></span> <span class='ocrx_word' id='word_1_256' title='bbox 669 2509 827 2586; x_wconf 89' lang='lat' dir='ltr'><strong>prooemio,</strong></span> <span class='ocrx_word' id='word_1_257' title='bbox 854 2509 1030 2580; x_wconf 88' lang='lat' dir='ltr'><strong>narratione,</strong></span> <span class='ocrx_word' id='word_1_258' title='bbox 1057 2508 1242 2582; x_wconf 75' lang='lat' dir='ltr'><strong>argumentis:</strong></span> 
     </span>
     <span class='ocr_line' id='line_1_28' title="bbox 157 2592 1242 2672; baseline -0.005 -18"><span class='ocrx_word' id='word_1_259' title='bbox 157 2611 230 2672; x_wconf 86' lang='lat' dir='ltr'><strong>quae</strong></span> <span class='ocrx_word' id='word_1_260' title='bbox 249 2594 280 2652; x_wconf 69' lang='lat' dir='ltr'><strong>si»</strong></span> <span class='ocrx_word' id='word_1_261' title='bbox 292 2592 435 2664; x_wconf 81' lang='lat' dir='ltr'><strong>detrahas,</strong></span> <span class='ocrx_word' id='word_1_262' title='bbox 457 2593 487 2650; x_wconf 91' lang='lat' dir='ltr'><strong>id</strong></span> <span class='ocrx_word' id='word_1_263' title='bbox 499 2593 731 2670; x_wconf 69' lang='lat' dir='ltr'><strong>dere‘supererit,</strong></span> <span class='ocrx_word' id='word_1_264' title='bbox 753 2613 810 2670; x_wconf 88' lang='lat' dir='ltr'><strong>quo</strong></span> <span class='ocrx_word' id='word_1_265' title='bbox 829 2594 968 2651; x_wconf 82' lang='lat' dir='ltr'><strong>suasoriae</strong></span> <span class='ocrx_word' id='word_1_266' title='bbox 984 2598 1125 2650; x_wconf 68' lang='lat' dir='ltr'><strong>amant:</strong></span> <span class='ocrx_word' id='word_1_267' title='bbox 1148 2610 1242 2650; x_wconf 83' lang='lat' dir='ltr'><strong>verum</strong></span> 
     </span>
     <span class='ocr_line' id='line_1_29' title="bbox 157 2675 1281 2756; baseline -0.004 -19"><span class='ocrx_word' id='word_1_268' title='bbox 157 2679 188 2738; x_wconf 94' lang='lat' dir='ltr'><strong>id</strong></span> <span class='ocrx_word' id='word_1_269' title='bbox 200 2697 312 2756; x_wconf 90' lang='lat' dir='ltr'><strong>quoque</strong></span> <span class='ocrx_word' id='word_1_270' title='bbox 325 2677 466 2752; x_wconf 88' lang='lat' dir='ltr'><strong>aequalius</strong></span> <span class='ocrx_word' id='word_1_271' title='bbox 480 2678 549 2749; x_wconf 90' lang='lat' dir='ltr'><strong>erit,</strong></span> <span class='ocrx_word' id='word_1_272' title='bbox 571 2695 628 2736; x_wconf 89' lang='lat' dir='ltr'><strong>nou</strong></span> <span class='ocrx_word' id='word_1_273' title='bbox 640 2677 830 2736; x_wconf 72' lang='lat' dir='ltr'><strong>tumultuosius</strong></span> <span class='ocrx_word' id='word_1_274' title='bbox 849 2682 935 2752; x_wconf 86' lang='lat' dir='ltr'><strong>atque</strong></span> <span class='ocrx_word' id='word_1_275' title='bbox 948 2676 1093 2734; x_wconf 73' lang='lat' dir='ltr'><strong>turbidine.</strong></span> <span class='ocrx_word' id='word_1_276' title='bbox 1134 2675 1241 2734; x_wconf 84' lang='lat' dir='ltr'><strong>Verbo-</strong></span> <span class='ocrx_word' id='word_1_277' title='bbox 1249 2679 1281 2732; x_wconf 81' lang='lat'><strong>61</strong></span> 
     </span>
     <span class='ocr_line' id='line_1_30' title="bbox 157 2759 1350 2836; baseline -0.003 -15"><span class='ocrx_word' id='word_1_278' title='bbox 157 2783 219 2822; x_wconf 87' lang='lat' dir='ltr'><strong>rnna</strong></span> <span class='ocrx_word' id='word_1_279' title='bbox 231 2767 325 2821; x_wconf 88' lang='lat' dir='ltr'><strong>autem</strong></span> <span class='ocrx_word' id='word_1_280' title='bbox 335 2762 542 2836; x_wconf 80' lang='lat' dir='ltr'><strong>magnificentia</strong></span> <span class='ocrx_word' id='word_1_281' title='bbox 559 2779 616 2818; x_wconf 89' lang='lat' dir='ltr'><strong>non</strong></span> <span class='ocrx_word' id='word_1_282' title='bbox 630 2761 745 2820; x_wconf 82' lang='lat' dir='ltr'><strong>validius</strong></span> <span class='ocrx_word' id='word_1_283' title='bbox 758 2769 802 2821; x_wconf 84' lang='lat' dir='ltr'><strong>est</strong></span> <span class='ocrx_word' id='word_1_284' title='bbox 820 2762 978 2822; x_wconf 84' lang='lat' dir='ltr'><strong>affectanda</strong></span> <span class='ocrx_word' id='word_1_285' title='bbox 995 2761 1131 2821; x_wconf 69' lang='lat' dir='ltr'><strong>masurius</strong></span> <span class='ocrx_word' id='word_1_286' title='bbox 1147 2759 1241 2819; x_wconf 81' lang='lat' dir='ltr'><strong>deda·-</strong></span> <span class='ocrx_word' id='word_1_287' title='bbox 1347 2823 1350 2832; x_wconf 56' lang='grc'><strong><em>,</em></strong></span> 
     </span>
     <span class='ocr_line' id='line_1_31' title="bbox 157 2845 1241 2924; baseline -0.005 -14"><span class='ocrx_word' id='word_1_288' title='bbox 157 2847 311 2918; x_wconf 64' lang='lat' dir='ltr'><strong>martiuum</strong></span> <span class='ocrx_word' id='word_1_289' title='bbox 332 2846 383 2906; x_wconf 84' lang='lat' dir='ltr'><strong>sed</strong></span> <span class='ocrx_word' id='word_1_290' title='bbox 395 2845 533 2920; x_wconf 77' lang='lat' dir='ltr'><strong>contingit</strong></span> <span class='ocrx_word' id='word_1_291' title='bbox 543 2846 641 2922; x_wconf 81' lang='lat' dir='ltr'><strong>magis.</strong></span> <span class='ocrx_word' id='word_1_292' title='bbox 683 2845 758 2906; x_wconf 85' lang='lat' dir='ltr'><strong>Nam</strong></span> <span class='ocrx_word' id='word_1_293' title='bbox 779 2853 808 2906; x_wconf 86' lang='lat' dir='ltr'><strong>et</strong></span> <span class='ocrx_word' id='word_1_294' title='bbox 826 2859 962 2924; x_wconf 85' lang='lat' dir='ltr'><strong>personae</strong></span> <span class='ocrx_word' id='word_1_295' title='bbox 980 2847 1040 2906; x_wconf 81' lang='lat' dir='ltr'><strong>lere</strong></span> <span class='ocrx_word' id='word_1_296' title='bbox 1053 2863 1172 2921; x_wconf 58' lang='lat' dir='ltr'><strong>magum</strong></span> <span class='ocrx_word' id='word_1_297' title='bbox 1188 2845 1241 2905; x_wconf 84' lang='lat' dir='ltr'><strong>fin·</strong></span> 
     </span>
     <span class='ocr_line' id='line_1_32' title="bbox 156 2925 1241 3012; baseline -0.004 -20"><span class='ocrx_word' id='word_1_298' title='bbox 156 2931 422 3012; x_wconf 82' lang='lat' dir='ltr'><strong>gentibusplacent,</strong></span> <span class='ocrx_word' id='word_1_299' title='bbox 442 2931 737 3009; x_wconf 54' lang='lat' dir='ltr'><strong>roffamprinupum,</strong></span> <span class='ocrx_word' id='word_1_300' title='bbox 755 2925 863 3010; x_wconf 82' lang='lat' dir='ltr'><strong>papuli,</strong></span> <span class='ocrx_word' id='word_1_301' title='bbox 883 2937 1007 3003; x_wconf 70' lang='lat' dir='ltr'><strong>anatur,</strong></span> <span class='ocrx_word' id='word_1_302' title='bbox 1027 2939 1056 2990; x_wconf 89' lang='lat' dir='ltr'><strong>et</strong></span> <span class='ocrx_word' id='word_1_303' title='bbox 1067 2951 1111 2989; x_wconf 89' lang='lat' dir='ltr'><strong>res</strong></span> <span class='ocrx_word' id='word_1_304' title='bbox 1124 2929 1241 3010; x_wconf 81' lang='lat' dir='ltr'><strong>amplio-</strong></span> 
     </span>
     <span class='ocr_line' id='line_1_33' title="bbox 156 3015 1239 3096; baseline -0.003 -16"><span class='ocrx_word' id='word_1_305' title='bbox 156 3038 216 3080; x_wconf 79' lang='lat' dir='ltr'><strong>res:</strong></span> <span class='ocrx_word' id='word_1_306' title='bbox 229 3021 277 3077; x_wconf 48' lang='lat' dir='ltr'><strong>&#39;ita</strong></span> <span class='ocrx_word' id='word_1_307' title='bbox 295 3037 358 3077; x_wconf 87' lang='lat' dir='ltr'><strong>aun</strong></span> <span class='ocrx_word' id='word_1_308' title='bbox 378 3016 464 3076; x_wconf 85' lang='lat' dir='ltr'><strong>verba</strong></span> <span class='ocrx_word' id='word_1_309' title='bbox 481 3016 562 3075; x_wconf 83' lang='lat' dir='ltr'><strong>rebus</strong></span> <span class='ocrx_word' id='word_1_310' title='bbox 583 3021 727 3094; x_wconf 81' lang='lat' dir='ltr'><strong>aptentur,</strong></span> <span class='ocrx_word' id='word_1_311' title='bbox 749 3019 810 3096; x_wconf 85' lang='lat' dir='ltr'><strong>ipso</strong></span> <span class='ocrx_word' id='word_1_312' title='bbox 827 3019 960 3077; x_wconf 85' lang='lat' dir='ltr'><strong>materiae</strong></span> <span class='ocrx_word' id='word_1_313' title='bbox 978 3017 1068 3075; x_wconf 85' lang='lat' dir='ltr'><strong>nitore</strong></span> <span class='ocrx_word' id='word_1_314' title='bbox 1079 3015 1239 3077; x_wconf 76' lang='lat' dir='ltr'><strong>clarescunt.</strong></span> 
     </span>
    </p>

    <p class='ocr_par' dir='ltr' id='par_1_7' title="bbox 156 3101 1282 3182">
     <span class='ocr_line' id='line_1_34' title="bbox 156 3101 1282 3182; baseline -0.004 -19"><span class='ocrx_word' id='word_1_315' title='bbox 156 3103 220 3163; x_wconf 81' lang='lat' dir='ltr'><strong>Alia</strong></span> <span class='ocrx_word' id='word_1_316' title='bbox 230 3105 302 3164; x_wconf 82' lang='lat' dir='ltr'><strong>veris</strong></span> <span class='ocrx_word' id='word_1_317' title='bbox 316 3101 436 3161; x_wconf 85' lang='lat' dir='ltr'><strong>oonsiliis</strong></span> <span class='ocrx_word' id='word_1_318' title='bbox 449 3101 520 3160; x_wconf 91' lang='lat' dir='ltr'><strong>ratio</strong></span> <span class='ocrx_word' id='word_1_319' title='bbox 533 3108 591 3173; x_wconf 72' lang='lat' dir='ltr'><strong>est,</strong></span> <span class='ocrx_word' id='word_1_320' title='bbox 612 3102 732 3178; x_wconf 85' lang='lat' dir='ltr'><strong>ideoque</strong></span> <span class='ocrx_word' id='word_1_321' title='bbox 744 3101 953 3182; x_wconf 84' lang='lat' dir='ltr'><strong>Theophrastus</strong></span> <span class='ocrx_word' id='word_1_322' title='bbox 970 3119 1053 3180; x_wconf 86' lang='lat' dir='ltr'><strong>quam</strong></span> <span class='ocrx_word' id='word_1_323' title='bbox 1065 3103 1184 3162; x_wconf 87' lang='lat' dir='ltr'><strong>maxime</strong></span> <span class='ocrx_word' id='word_1_324' title='bbox 1195 3103 1282 3161; x_wconf 79' lang='lat' dir='ltr'><strong>re-62</strong></span> 
     </span>
    </p>

    <p class='ocr_par' dir='ltr' id='par_1_8' title="bbox 157 3183 1240 3266">
     <span class='ocr_line' id='line_1_35' title="bbox 157 3183 1240 3266; baseline -0.005 -18"><span class='ocrx_word' id='word_1_325' title='bbox 157 3189 308 3248; x_wconf 79' lang='lat' dir='ltr'><strong>monnau</strong></span> <span class='ocrx_word' id='word_1_326' title='bbox 320 3188 396 3246; x_wconf 90' lang='lat' dir='ltr'><strong>omni</strong></span> <span class='ocrx_word' id='word_1_327' title='bbox 408 3187 585 3246; x_wconf 81' lang='lat' dir='ltr'><strong>affectatione</strong></span> <span class='ocrx_word' id='word_1_328' title='bbox 603 3189 632 3246; x_wconf 91' lang='lat' dir='ltr'><strong>in</strong></span> <span class='ocrx_word' id='word_1_329' title='bbox 653 3183 834 3248; x_wconf 83' lang='lat' dir='ltr'><strong>deliberativo</strong></span> <span class='ocrx_word' id='word_1_330' title='bbox 851 3209 954 3266; x_wconf 85' lang='lat' dir='ltr'><strong>genere</strong></span> <span class='ocrx_word' id='word_1_331' title='bbox 967 3187 1054 3246; x_wconf 83' lang='lat' dir='ltr'><strong>voluit</strong></span> <span class='ocrx_word' id='word_1_332' title='bbox 1064 3207 1124 3246; x_wconf 83' lang='lat' dir='ltr'><strong>esse</strong></span> <span class='ocrx_word' id='word_1_333' title='bbox 1135 3207 1240 3246; x_wconf 85' lang='lat' dir='ltr'><strong>sermo·</strong></span> 
     </span>
    </p>

    <p class='ocr_par' dir='ltr' id='par_1_9' title="bbox 157 3271 1239 3351">
     <span class='ocr_line' id='line_1_36' title="bbox 157 3271 1239 3351; baseline -0.007 -16"><span class='ocrx_word' id='word_1_334' title='bbox 157 3293 236 3336; x_wconf 74' lang='lat' dir='ltr'><strong>mm:</strong></span> <span class='ocrx_word' id='word_1_335' title='bbox 257 3279 365 3332; x_wconf 74' lang='lat' dir='ltr'><strong>recubas</strong></span> <span class='ocrx_word' id='word_1_336' title='bbox 375 3273 405 3330; x_wconf 88' lang='lat' dir='ltr'><strong>iu</strong></span> <span class='ocrx_word' id='word_1_337' title='bbox 417 3271 470 3331; x_wconf 86' lang='lat' dir='ltr'><strong>hoe</strong></span> <span class='ocrx_word' id='word_1_338' title='bbox 481 3273 675 3332; x_wconf 76' lang='lat' dir='ltr'><strong>auctoritatem</strong></span> <span class='ocrx_word' id='word_1_339' title='bbox 687 3275 873 3351; x_wconf 77' lang='lat' dir='ltr'><strong>praceeptorii</strong></span> <span class='ocrx_word' id='word_1_340' title='bbox 885 3276 943 3345; x_wconf 86' lang='lat' dir='ltr'><strong>sui;</strong></span> <span class='ocrx_word' id='word_1_341' title='bbox 962 3291 1120 3348; x_wconf 86' lang='lat' dir='ltr'><strong>quanquam</strong></span> <span class='ocrx_word' id='word_1_342' title='bbox 1131 3272 1239 3328; x_wconf 86' lang='lat' dir='ltr'><strong>dissen-</strong></span> 
     </span>
    </p>

    <p class='ocr_par' dir='ltr' id='par_1_10' title="bbox 156 3355 1380 3440">
     <span class='ocr_line' id='line_1_37' title="bbox 156 3355 1380 3440; baseline -0.004 -21"><span class='ocrx_word' id='word_1_343' title='bbox 156 3361 212 3420; x_wconf 76' lang='lat' dir='ltr'><strong>rire</strong></span> <span class='ocrx_word' id='word_1_344' title='bbox 222 3358 259 3417; x_wconf 86' lang='lat' dir='ltr'><strong>ab</strong></span> <span class='ocrx_word' id='word_1_345' title='bbox 273 3378 307 3417; x_wconf 86' lang='lat' dir='ltr'><strong>eo</strong></span> <span class='ocrx_word' id='word_1_346' title='bbox 317 3377 375 3416; x_wconf 89' lang='lat' dir='ltr'><strong>nou</strong></span> <span class='ocrx_word' id='word_1_347' title='bbox 386 3357 483 3416; x_wconf 84' lang='lat' dir='ltr'><strong>timide</strong></span> <span class='ocrx_word' id='word_1_348' title='bbox 494 3357 574 3416; x_wconf 83' lang='lat' dir='ltr'><strong>solet</strong></span> <span class='ocrx_word' id='word_1_349' title='bbox 611 3357 742 3435; x_wconf 86' lang='lat' dir='ltr'><strong>Namque</strong></span> <span class='ocrx_word' id='word_1_350' title='bbox 755 3357 918 3418; x_wconf 80' lang='lat' dir='ltr'><strong>Aristoteles</strong></span> <span class='ocrx_word' id='word_1_351' title='bbox 929 3359 1058 3416; x_wconf 84' lang='lat' dir='ltr'><strong>idoneam</strong></span> <span class='ocrx_word' id='word_1_352' title='bbox 1073 3357 1191 3414; x_wconf 86' lang='lat' dir='ltr'><strong>maxime</strong></span> <span class='ocrx_word' id='word_1_353' title='bbox 1203 3355 1280 3414; x_wconf 78' lang='lat' dir='ltr'><strong>adua</strong></span> <span class='ocrx_word' id='word_1_354' title='bbox 1377 3379 1380 3440; x_wconf 66' lang='lat' dir='ltr'>j</span> 
     </span>
    </p>

    <p class='ocr_par' dir='ltr' id='par_1_11' title="bbox 158 3440 1238 3522">
     <span class='ocr_line' id='line_1_38' title="bbox 158 3440 1238 3522; baseline -0.005 -18"><span class='ocrx_word' id='word_1_355' title='bbox 158 3445 332 3504; x_wconf 82' lang='lat' dir='ltr'><strong>seribendum</strong></span> <span class='ocrx_word' id='word_1_356' title='bbox 343 3442 589 3513; x_wconf 71' lang='lat' dir='ltr'><strong>dmomtratioasn,</strong></span> <span class='ocrx_word' id='word_1_357' title='bbox 609 3445 819 3522; x_wconf 86' lang='lat' dir='ltr'><strong>proximamque</strong></span> <span class='ocrx_word' id='word_1_358' title='bbox 836 3444 876 3502; x_wconf 88' lang='lat' dir='ltr'><strong>ab</strong></span> <span class='ocrx_word' id='word_1_359' title='bbox 892 3463 926 3503; x_wconf 84' lang='lat' dir='ltr'><strong>aa</strong></span> <span class='ocrx_word' id='word_1_360' title='bbox 945 3440 1098 3500; x_wconf 69' lang='lat' dir='ltr'><strong>iudicialem</strong></span> <span class='ocrx_word' id='word_1_361' title='bbox 1118 3441 1238 3518; x_wconf 83' lang='lat' dir='ltr'><strong>putavit:</strong></span> 
     </span>
    </p>

    <p class='ocr_par' dir='ltr' id='par_1_12' title="bbox 157 3525 1380 3652">
     <span class='ocr_line' id='line_1_39' title="bbox 157 3525 1380 3618; baseline -0.006 -28"><span class='ocrx_word' id='word_1_362' title='bbox 157 3529 286 3590; x_wconf 80' lang='lat' dir='ltr'><strong>visleliret</strong></span> <span class='ocrx_word' id='word_1_363' title='bbox 309 3528 440 3606; x_wconf 83' lang='lat' dir='ltr'><strong>quoniam</strong></span> <span class='ocrx_word' id='word_1_364' title='bbox 460 3527 539 3609; x_wconf 90' lang='lat' dir='ltr'><strong>prior</strong></span> <span class='ocrx_word' id='word_1_365' title='bbox 557 3527 604 3586; x_wconf 87' lang='lat' dir='ltr'><strong>illa</strong></span> <span class='ocrx_word' id='word_1_366' title='bbox 620 3535 682 3588; x_wconf 88' lang='lat' dir='ltr'><strong>tota</strong></span> <span class='ocrx_word' id='word_1_367' title='bbox 701 3535 775 3598; x_wconf 84' lang='lat' dir='ltr'><strong>asset</strong></span> <span class='ocrx_word' id='word_1_368' title='bbox 792 3529 1002 3599; x_wconf 67' lang='grc' dir='ltr'>οεῖειιὶιιῐίοιιίις</span> <span class='ocrx_word' id='word_1_369' title='bbox 1031 3525 1100 3585; x_wconf 78' lang='lat' dir='ltr'><strong>luen</strong></span> <span class='ocrx_word' id='word_1_370' title='bbox 1118 3527 1239 3586; x_wconf 82' lang='lat' dir='ltr'><strong>seamda</strong></span> <span class='ocrx_word' id='word_1_371' title='bbox 1358 3573 1380 3618; x_wconf 65' lang='lat'><strong>·,</strong></span> 
     </span>
     <span class='ocr_line' id='line_1_40' title="bbox 1379 3623 1380 3652; baseline 0 0"><span class='ocrx_word' id='word_1_372' title='bbox 1379 3623 1380 3652; x_wconf 92' lang='lat' dir='ltr'><strong>l</strong></span> 
     </span>
    </p>
   </div>
   <div class='ocr_carea' id='block_1_3' title="bbox 156 3725 1239 4216">
    <p class='ocr_par' dir='ltr' id='par_1_13' title="bbox 157 3725 1239 4008">
     <span class='ocr_line' id='line_1_41' title="bbox 227 3725 1238 3801; baseline -0.01 -14"><span class='ocrx_word' id='word_1_373' title='bbox 227 3731 299 3796; x_wconf 68' lang='grc'><strong>958.</strong></span> <span class='ocrx_word' id='word_1_374' title='bbox 318 3743 395 3800; x_wconf 64' lang='lat' dir='ltr'><strong>want</strong></span> <span class='ocrx_word' id='word_1_375' title='bbox 409 3731 433 3783; x_wconf 82' lang='lat' dir='ltr'><strong>le</strong></span> <span class='ocrx_word' id='word_1_376' title='bbox 455 3729 506 3784; x_wconf 80' lang='lat' dir='ltr'><strong>ulis</strong></span> <span class='ocrx_word' id='word_1_377' title='bbox 526 3729 668 3801; x_wconf 83' lang='lat' dir='ltr'><strong>materiae]</strong></span> <span class='ocrx_word' id='word_1_378' title='bbox 692 3728 810 3784; x_wconf 84' lang='lat' dir='ltr'><strong>Omnium</strong></span> <span class='ocrx_word' id='word_1_379' title='bbox 825 3725 908 3782; x_wconf 87' lang='lat' dir='ltr'><strong>Codd.</strong></span> <span class='ocrx_word' id='word_1_380' title='bbox 927 3725 1080 3793; x_wconf 86' lang='lat' dir='ltr'><strong>lectionem,</strong></span> <span class='ocrx_word' id='word_1_381' title='bbox 1102 3743 1176 3798; x_wconf 85' lang='lat' dir='ltr'><strong>quam</strong></span> <span class='ocrx_word' id='word_1_382' title='bbox 1196 3742 1238 3777; x_wconf 84' lang='lat' dir='ltr'><strong>ro-</strong></span> 
     </span>
     <span class='ocr_line' id='line_1_42' title="bbox 157 3745 1238 3871; baseline -0.007 -17"><span class='ocrx_word' id='word_1_383' title='bbox 157 3799 248 3862; x_wconf 85' lang='lat' dir='ltr'><strong>stitui,</strong></span> <span class='ocrx_word' id='word_1_384' title='bbox 271 3799 348 3868; x_wconf 77' lang='lat' dir='ltr'><strong>Regii</strong></span> <span class='ocrx_word' id='word_1_385' title='bbox 362 3745 499 3871; x_wconf 67' lang='lat' dir='ltr'><strong>expuliarat</strong></span> <span class='ocrx_word' id='word_1_386' title='bbox 512 3799 659 3854; x_wconf 88' lang='lat' dir='ltr'><strong>coniectura</strong></span> <span class='ocrx_word' id='word_1_387' title='bbox 673 3816 751 3870; x_wconf 60' lang='lat' dir='ltr'><strong>wana</strong></span> <span class='ocrx_word' id='word_1_388' title='bbox 767 3799 900 3852; x_wconf 75' lang='lat' dir='ltr'><strong>iudicialis</strong></span> <span class='ocrx_word' id='word_1_389' title='bbox 914 3816 947 3851; x_wconf 86' lang='lat' dir='ltr'><strong>m.</strong></span> <span class='ocrx_word' id='word_1_390' title='bbox 960 3815 993 3852; x_wconf 84' lang='lat' dir='ltr'><strong>ax</strong></span> <span class='ocrx_word' id='word_1_391' title='bbox 1013 3798 1135 3868; x_wconf 82' lang='lat' dir='ltr'><strong>proximis</strong></span> <span class='ocrx_word' id='word_1_392' title='bbox 1149 3794 1238 3847; x_wconf 79' lang='lat' dir='ltr'><strong>verbis</strong></span> 
     </span>
     <span class='ocr_line' id='line_1_43' title="bbox 157 3863 1239 3938; baseline -0.006 -15"><span class='ocrx_word' id='word_1_393' title='bbox 157 3869 280 3938; x_wconf 82' lang='lat' dir='ltr'><strong>repetita.</strong></span> <span class='ocrx_word' id='word_1_394' title='bbox 315 3867 382 3930; x_wconf 79' lang='lat' dir='ltr'><strong>Quis</strong></span> <span class='ocrx_word' id='word_1_395' title='bbox 401 3887 465 3924; x_wconf 78' lang='lat' dir='ltr'><strong>varo</strong></span> <span class='ocrx_word' id='word_1_396' title='bbox 486 3870 644 3924; x_wconf 85' lang='lat' dir='ltr'><strong>notissimum</strong></span> <span class='ocrx_word' id='word_1_397' title='bbox 665 3871 715 3922; x_wconf 82' lang='lat' dir='ltr'><strong>hoc</strong></span> <span class='ocrx_word' id='word_1_398' title='bbox 731 3887 787 3923; x_wconf 79' lang='lat' dir='ltr'><strong>roe.</strong></span> <span class='ocrx_word' id='word_1_399' title='bbox 800 3877 899 3922; x_wconf 83' lang='lat' dir='ltr'><strong>mutare</strong></span> <span class='ocrx_word' id='word_1_400' title='bbox 917 3885 995 3922; x_wconf 74' lang='lat' dir='ltr'><strong>aursus</strong></span> <span class='ocrx_word' id='word_1_401' title='bbox 1007 3866 1106 3921; x_wconf 74' lang='lat' dir='ltr'><strong>laedit</strong></span> <span class='ocrx_word' id='word_1_402' title='bbox 1129 3871 1156 3916; x_wconf 84' lang='lat' dir='ltr'><strong>at</strong></span> <span class='ocrx_word' id='word_1_403' title='bbox 1169 3863 1239 3916; x_wconf 84' lang='lat' dir='ltr'><strong>unda</strong></span> 
     </span>
     <span class='ocr_line' id='line_1_44' title="bbox 158 3930 1238 4008; baseline -0.006 -17"><span class='ocrx_word' id='word_1_404' title='bbox 158 3937 202 3991; x_wconf 86' lang='lat' dir='ltr'><strong>hia</strong></span> <span class='ocrx_word' id='word_1_405' title='bbox 217 3936 326 3990; x_wconf 80' lang='lat' dir='ltr'><strong>omnium</strong></span> <span class='ocrx_word' id='word_1_406' title='bbox 341 3937 401 3990; x_wconf 88' lang='lat' dir='ltr'><strong>libb.</strong></span> <span class='ocrx_word' id='word_1_407' title='bbox 417 3939 579 3992; x_wconf 70' lang='lat' dir='ltr'><strong>consensuri</strong></span> <span class='ocrx_word' id='word_1_408' title='bbox 594 3940 739 3992; x_wconf 83' lang='lat' dir='ltr'><strong>Materiam</strong></span> <span class='ocrx_word' id='word_1_409' title='bbox 749 3939 950 4008; x_wconf 83' lang='lat' dir='ltr'><strong>autemlegulem</strong></span> <span class='ocrx_word' id='word_1_410' title='bbox 963 3939 1051 3994; x_wconf 84' lang='lat' dir='ltr'><strong>eodem</strong></span> <span class='ocrx_word' id='word_1_411' title='bbox 1063 3933 1136 3986; x_wconf 89' lang='lat' dir='ltr'><strong>modo</strong></span> <span class='ocrx_word' id='word_1_412' title='bbox 1151 3930 1238 3985; x_wconf 84' lang='lat' dir='ltr'><strong>dicere</strong></span> 
     </span>
    </p>

    <p class='ocr_par' dir='ltr' id='par_1_14' title="bbox 156 3997 1238 4216">
     <span class='ocr_line' id='line_1_45' title="bbox 192 3997 1236 4080; baseline -0.002 -20"><span class='ocrx_word' id='word_1_413' title='bbox 192 4013 244 4060; x_wconf 80' lang='lat' dir='ltr'><strong>tuat</strong></span> <span class='ocrx_word' id='word_1_414' title='bbox 265 4006 383 4071; x_wconf 83' lang='lat' dir='ltr'><strong>derare,</strong></span> <span class='ocrx_word' id='word_1_415' title='bbox 405 4023 431 4059; x_wconf 85' lang='lat' dir='ltr'><strong>na</strong></span> <span class='ocrx_word' id='word_1_416' title='bbox 454 4015 551 4076; x_wconf 80' lang='lat' dir='ltr'><strong>scripto</strong></span> <span class='ocrx_word' id='word_1_417' title='bbox 569 4009 693 4080; x_wconf 83' lang='lat' dir='ltr'><strong>positam,</strong></span> <span class='ocrx_word' id='word_1_418' title='bbox 718 4025 767 4078; x_wconf 89' lang='lat' dir='ltr'><strong>quo</strong></span> <span class='ocrx_word' id='word_1_419' title='bbox 793 4008 969 4078; x_wconf 84' lang='lat' dir='ltr'><strong>quaestionum</strong></span> <span class='ocrx_word' id='word_1_420' title='bbox 986 4021 1066 4074; x_wconf 82' lang='lat' dir='ltr'><strong>genus</strong></span> <span class='ocrx_word' id='word_1_421' title='bbox 1088 3997 1236 4065; x_wconf 65' lang='lat' dir='ltr'><strong>111‚a‚u</strong></span> 
     </span>
     <span class='ocr_line' id='line_1_46' title="bbox 176 4072 1238 4148; baseline -0.003 -19"><span class='ocrx_word' id='word_1_422' title='bbox 176 4074 277 4130; x_wconf 74' lang='lat' dir='ltr'><strong>intinxit</strong></span> <span class='ocrx_word' id='word_1_423' title='bbox 289 4078 376 4147; x_wconf 80' lang='lat' dir='ltr'><strong>legata</strong></span> <span class='ocrx_word' id='word_1_424' title='bbox 388 4092 404 4128; x_wconf 90' lang='lat' dir='ltr'><strong>a</strong></span> <span class='ocrx_word' id='word_1_425' title='bbox 415 4078 548 4130; x_wconf 69' lang='lat' dir='ltr'><strong>rutenae.</strong></span> <span class='ocrx_word' id='word_1_426' title='bbox 584 4077 693 4131; x_wconf 74' lang='lat' dir='ltr'><strong>Accedit</strong></span> <span class='ocrx_word' id='word_1_427' title='bbox 709 4076 780 4148; x_wconf 90' lang='lat' dir='ltr'><strong>quod</strong></span> <span class='ocrx_word' id='word_1_428' title='bbox 793 4078 835 4129; x_wconf 82' lang='lat' dir='ltr'><strong>lex</strong></span> <span class='ocrx_word' id='word_1_429' title='bbox 854 4074 988 4144; x_wconf 81' lang='lat' dir='ltr'><strong>roquirere</strong></span> <span class='ocrx_word' id='word_1_430' title='bbox 1005 4072 1071 4124; x_wconf 82' lang='lat' dir='ltr'><strong>solat</strong></span> <span class='ocrx_word' id='word_1_431' title='bbox 1085 4075 1238 4126; x_wconf 57' lang='lat' dir='ltr'><strong>commentai-</strong></span> 
     </span>
     <span class='ocr_line' id='line_1_47' title="bbox 156 4143 1037 4216; baseline -0.003 -18"><span class='ocrx_word' id='word_1_432' title='bbox 156 4146 238 4211; x_wconf 84' lang='lat' dir='ltr'><strong>rinn,</strong></span> <span class='ocrx_word' id='word_1_433' title='bbox 255 4144 290 4200; x_wconf 83' lang='lat' dir='ltr'><strong>de</strong></span> <span class='ocrx_word' id='word_1_434' title='bbox 304 4144 379 4199; x_wconf 82' lang='lat' dir='ltr'><strong>ouius</strong></span> <span class='ocrx_word' id='word_1_435' title='bbox 391 4143 556 4200; x_wconf 77' lang='lat' dir='ltr'><strong>bravltatsin</strong></span> <span class='ocrx_word' id='word_1_436' title='bbox 567 4147 691 4202; x_wconf 67' lang='lat' dir='ltr'><strong>senariis</strong></span> <span class='ocrx_word' id='word_1_437' title='bbox 704 4163 773 4199; x_wconf 84' lang='lat' dir='ltr'><strong>aune</strong></span> <span class='ocrx_word' id='word_1_438' title='bbox 788 4145 943 4216; x_wconf 83' lang='lat' dir='ltr'><strong>disputatur.</strong></span> <span class='ocrx_word' id='word_1_439' title='bbox 1031 4165 1037 4172; x_wconf 91' lang='lat'><em>·</em></span> 
     </span>
    </p>
   </div>
   <div class='ocr_carea' id='block_1_4' title="bbox 0 0 1392 4444">
    <p class='ocr_par' dir='ltr' id='par_1_15' title="bbox 0 0 1392 4444">
     <span class='ocr_line' id='line_1_48' title="bbox 0 0 1392 4444; baseline 0 0"><span class='ocrx_word' id='word_1_440' title='bbox 0 0 1392 4444; x_wconf 95' lang='lat' dir='ltr'><strong> </strong></span> 
     </span>
    </p>
   </div>
  </div>
 </body>
</html>
