2788 4452
140 202 191 322 ra
238 263 255 276 ..
419 197 1060 322 menandrianorum-1„
1147 247 1148 250 κ
1256 181 1259 185 ’

99 421 103 428 -
143 369 265 458 coquent
285 380 367 451 anui,
389 375 505 439 rurrlnrm
517 379 591 436 ratio
609 377 731 451 lirnabit,
752 375 859 454 aliquid
877 377 954 438 velut
971 399 1025 438 usu
1041 380 1106 458 ipso
1119 375 1232 440 detere-
1293 384 1299 396 '

134 475 204 545 stur,
226 468 263 524 sit
275 467 360 524 modo
374 467 451 524 unde
464 465 552 524 excidi
566 466 672 544 possit,
696 470 725 522 et
749 459 983 543 quod-eisculpi:
1004 466 1059 524 erit
1076 472 1186 539 autem,
1207 469 1232 526 si

142 573 200 612 uon
221 553 353 610 ab'iuitio
376 557 489 610 tenuem
502 551 622 608 nimium
641 550 776 608 suminam
792 550 963 622 duxerimus,
994 556 1024 610 et
1042 569 1125 627 quam
1143 551 1232 612 caela·

119 644 206 698 Stura
217 637 300 696 altior
309 641 427 714 rumpat.
472 635 558 703 Quod
570 655 615 694 mc
632 636 670 694 de
685 635 729 692 his
741 635 880 694 aetatibus
896 637 1103 698 rannemirus
1121 637 1232 712 mirabi-

143 727 206 796 tur,
226 724 275 798 qui
286 722 362 800 apud
378 722 542 780 Ciceronem
554 719 674 798 legerit,
701 719 764 779 Vola
775 723 843 780 eorm
865 716 893 780 se
907 720 1054 797 effectio
1069 721 1233 790 &elmere

84 857 86 862 ,
187 807 305 867 unditus.
1118 851 1123 860 .

137 809 186 964 sle
230 894 409 970 Quapropter
421 893 452 951 in
469 891 566 968 primis
586 891 750 964 evitandus,
772 897 803 949 et
822 892 851 948 in
871 893 966 970 pueris
986 894 1153 972 praecipue,
1172 911 1233 956 ma·

144 981 233 1057 g‘ster
246 981 358 1050 aridus3
379 979 550 1049 conminus,
572 994 655 1052 quam
669 977 773 1036 teneris
786 976 878 1048 adhuc
893 977 995 1054 plantis
1011 980 1114 1038 siccum
1127 985 1158 1038 et
1172 978 1233 1038 sine

119 1066 260 1130 9=humore
274 1063 330 1122 ullo
343 1062 441 1122 solum.
484 1061 555 1120 Inde
569 1062 640 1120 liunt
654 1061 769 1122 humiles
783 1063 895 1135 statim,
913 1071 948 1122 et
960 1062 1038 1122 velut
1051 1070 1233 1144 terramspe·
1267 1089 1274 1096 ·

144 1157 269 1222 ctantes,
291 1151 339 1226 qui
360 1145 432 1206 nihil
452 1157 536 1224 supra
557 1148 750 1221 'quotidianum
777 1166 932 1206 sermonem
954 1149 1083 1209 attollere
1100 1140 1232 1210 audeaut

103 1283 109 1296 .
144 1236 251 1296 Macies
264 1233 318 1293 illis
332 1253 383 1312 pro
400 1233 537 1305 sanitate,
560 1238 588 1290 et
607 1233 700 1291 iudicii
718 1215 782 1290 loco
797 1232 941 1292 iufirmitas
963 1241 1022 1294 est:
1043 1234 1293 1294 crementium

144 1328 249 1401 putant
263 1321 333 1380 vitio
351 1337 461 1388 carere,
493 1319 522 1374 iu
539 1317 682 1394 idipsum
705 1318 831 1374 incidunt
845 1319 959 1390 vitium,
987 1321 1064 1395 quod
1083 1318 1233 1378 virtutibus

52 1403 76 1446 “-
140 1413 251 1484 carent,¹
293 1405 388 1473 Quare
408 1402 476 1462 milri
499 1421 536 1462 ne
557 1402 702 1460 maturitas
726 1404 839 1480 quidem
857 1404 921 1482 ipsa
941 1405 1072 1478 festinet,
1093 1423 1155 1464 mec
1173 1423 1233 1462 rnu-

145 1498 190 1552 sta
207 1491 318 1550 inlacu
338 1490 438 1550 stetin
450 1494 564 1548 austera
585 1489 655 1547 siut:
686 1489 728 1546 sic
746 1494 776 1548 et
795 1503 884 1546 anuos
903 1491 1012 1564 ferent,
1039 1497 1071 1550 et
1094 1494 1235 1558 venustate

180 1579 299 1638 elicient.
509 1619 512 1626 -

92 1599 180 1729 ,10pr
231 1662 278 1722 Ne
293 1660 362 1720 illud
376 1660 491 1740 quidem
502 1659 579 1736 quod
589 1657 787 1736 admoneamus
799 1660 946 1736 indiguum
960 1669 1021 1735 est,
1040 1663 1155 1738 ingenia
1165 1679 1235 1738 pue·
1263 1687 1266 1692 Δ

145 1767 240 1810 rorum
256 1748 342 1805 nimia
351 1744 679 1805 interimemeudationis
690 1748 841 1806 severitate
852 1746 987 1806 deficere:
1008 1767 1073 1806 nam
1088 1755 1118 1807 et
1134 1747 1234 1824 despe

146 1841 225 1907 rant,
257 1837 287 1891 et
308 1831 421 1902 dolent,
452 1835 482 1888 et
500 1830 649 1888 novissine
668 1830 805 1903 oderunt,
832 1837 862 1890 et
885 1831 978 1908 (quod
998 1835 1117 1892 maxime
1135 1831 1233 1905 nocet)

106 1922 214 1980 lidum
232 1919 324 1976 omnia
337 1918 453 1987 timent,
474 1915 543 1974 nihil
555 1920 699 1972 conantur.
741 1916 828 1984 Quod
846 1918 934 1976 etiarn
945 1920 1054 1980 rusticis
1072 1922 1235 1988 notumest,

84 2025 91 2032 ·
147 2007 196 2082 qui
215 2003 360 2063 frondibus
381 2001 485 2059 teneris
504 1995 562 2058 uon
580 2007 682 2077 putant
696 2001 883 2060 adhibendum
897 2023 959 2062 esse
974 2003 1089 2077 falcem,
1112 2006 1178 2080 quia
1190 2021 1235 2060 re-

107 2089 296 2150 lssforrnidure
311 2090 414 2148 ferrum
429 2087 576 2158 videntur,
597 2093 627 2145 et
649 2087 805 2146 cicatricem
825 2089 951 2147 nondum
969 2092 1032 2167 pati
1054 2109 1146 2168 posse.
1189 2088 1235 2147 lu·

147 2177 253 2236 cundus
274 2193 343 2251 ergo
359 2178 419 2230 tum
432 2173 556 2230 maxime
567 2172 654 2231 debet
675 2191 738 2232 esse
753 2179 934 2251 praeceptor,
955 2181 987 2234 ut
1001 2175 1125 2235 remedia
1130 2217 1139 2249 ,
1162 2191 1235 2250 quae

146 2262 251 2337 alioqui
269 2266 370 2318 natiue
389 2261 587 2334 sunt‘asperu,
607 2257 686 2315 molli
708 2271 793 2317 maun
819 2257 973 2331 leniantur,
993 2259 1107 2320 laudare
1129 2260 1232 2336 aliqua,

29 2339 34 2351 ’
147 2349 221 2406 serre
241 2345 394 2421 quaedam,
415 2348 523 2401 mutare
543 2344 643 2428 etiam,
664 2343 775 2400 reddita
797 2363 846 2402 cur
864 2345 894 2402 id
914 2346 965 2404 liat
985 2347 1109 2417 ratione3
1136 2345 1234 2408 nlumi

148 2449 231 2503 nare,
253 2427 457 2506 interponendo
473 2427 578 2502 aliquid
590 2429 641 2485 sui.
672 2426 881 2505 Nonnunquam
892 2429 946 2490 hoc
964 2449 1075 2508 quoque
1086 2433 1142 2492 erit
1156 2429 1234 2501 utile,

141 2523 223 2574 totas
236 2517 326 2592 ipsum
342 2514 448 2571 dictare
459 2513 606 2586 materias,
629 2529 699 2590 quas
715 2521 748 2572 et*
757 2515 881 2574 imitetur
891 2535 975 2592 puer,
998 2521 1028 2574 et
1044 2517 1153 2576 iuterim
1170 2521 1235 2574 tan·

42 2606 45 2625 '
107 2616 234 2679 laquem
249 2619 312 2661 suas
329 2604 412 2658 amet.
456 2595 534 2654 atsi
552 2603 611 2655 tarn
634 2598 778 2674 negligens
802 2600 829 2658 ei
841 2599 919 2658 stilus
932 2601 1032 2674 suerit,-
1053 2606 1086 2659 ut
1095 2601 1234 2660 'emcnda-

103 2732 107 2750 .
149 2689 255 2746 tionem
269 2705 328 2745 nou
342 2685 472 2762 recipiat:
494 2689 622 2760 expertus
637 2703 698 2743 sum
711 2685 862 2762 prodesse,
883 2686 994 2760 quoties
1013 2687 1132 2746 eandem
1145 2689 1233 2756 mate-
1286 2711 1293 2720 ·

71 2785 73 2788 ·
146 2775 232 2846 riam,
257 2791 351 2830 rursus
373 2788 390 2826 a
410 2788 455 2828 me
474 2771 669 2841 retractatam,
691 2770 811 2829 scribere
827 2770 864 2828 de
882 2771 993 2846 integro
1005 2772 1141 2832 iuberem:
1159 2789 1235 2849 posce
1255 2811 1259 2816 -

149 2862 217 2916 enim
230 2875 288 2916 eum
299 2856 388 2914 udtuc
400 2853 510 2914 melius:
532 2859 669 2930 quatenus
680 2854 756 2914 nullo
769 2856 857 2932 mag's
871 2857 973 2930 studia,
988 2875 1073 2934 quarn
1086 2877 1146 2938 spe,
1165 2875 1234 2934 gau-

108 2941 227 3010 lident.
270 2940 359 3000 Aliter
375 2947 469 2999 autem
490 2939 543 2998 alia
561 2945 638 2998 aetas
655 2942 830 3000 emendanda
845 2947 904 3014 est,
926 2948 955 3001 ct
968 2962 1020 3020 pro
1038 2944 1124 3002 modo
1135 2943 1233 3025 virium
1244 2953 1293 3000 140

149 3035 179 3089 et
196 3028 364 3104 exigendum
383 3045 467 3104 opus,
492 3017 525 3092 'et
546 3027 747 3101 corrigendum.
791 3025 923 3086 Solebam
947 3048 1002 3106 ego
1019 3028 1113 3090 dicere
1132 3029 1234 3106 pueris,

149 3113 255 3191 aliquid
267 3113 340 3172 ausis
353 3112 480 3171 licentius
492 3111 670 3184 autlaetius,
692 3111 803 3170 laudare
821 3111 892 3170 illud
908 3131 948 3172 me
962 3112 1068 3182 udluc5
1083 3119 1235 3172 ceturam

149 3205 265 3278 ternpus,
288 3217 338 3277 pao
351 3197 481 3256 idoneor
490 3199 685 3276 permitterem:
706 3200 796 3257 itaet
816 3199 929 3274 iugenio
949 3199 1127 3275 gaudebant,
1149 3207 1179 3260 et
1192 3201 1234 3258 iu-
1271 3207 1277 3236 ’-

149 3287 222 3346 dicio
234 3305 293 3344 nou
304 3283 478 3344 fallebantur.

109 3364 141 3419 15
234 3371 293 3430 Sed
306 3375 338 3428 ut
351 3389 385 3430 eo
401 3373 541 3442 revertar,
561 3370 637 3429 unde
651 3389 712 3428 sum
730 3389 873 3446 egressus:
895 3369 1069 3430 narrationes
1083 3369 1146 3430 stilo
1158 3388 1234 3428 cour-

149 3457 216 3534 poni
234 3462 340 3532 quanta
350 3456 468 3515 maxima
489 3456 580 3532 possit
600 3455 724 3514 adhibita
742 3455 888 3532 diligentia
905 3453 976 3518 volo.
1020 3452 1111 3528 Nam,
1132 3461 1166 3514 ut
1177 3455 1242 3533 pri.

150 3561 212 3613 mo,
236 3561 299 3600 curn
317 3539 408 3600 sermo
429 3541 595 3612 instituitur,
618 3541 711 3600 dicere
732 3559 804 3617 quae
826 3541 965 3599 audierint
983 3539 1052 3600 utile
1073 3547 1117 3601 est
1139 3541 1234 3620 pueris

151 3625 187 3684 ad
201 3625 335 3703 loquendi
349 3625 524 3699 facidtatem3
544 3627 664 3703 ideoque
684 3632 714 3686 et
731 3633 808 3686 retro
827 3645 912 3703 agere
932 3627 1148 3704 expositionem,
1169 3631 1198 3685 et
1217 3641 1235 3683 a

50 3709 54 3720 '
151 3711 244 3778 media
258 3712 288 3770 iu
299 3717 571 3790 utramquepartem
591 3712 744 3771 discurrere
761 3729 829 3772 sane
846 3712 946 3770 merito
964 3720 1115 3788 cogentum
1136 3711 1235 3774 sedad
1267 3757 1271 3767 .

152 3798 288 3874 gruum
308 3799 513 3878 praeceptoris,
536 3795 584 3876 [et
600 3798 667 3856 ‹lum
688 3797 764 3856 aliud
781 3817 839 3857 uon
862 3793 1002 3876 possunt]
1025 3805 1056 3858 et
1067 3799 1189 3861 dusares
1202 3814 1235 3854 cc

221 4036 237 4099 S
253 4035 278 4087 8.
297 4035 369 4104 opud
384 4029 547 4098 Ciceronem]
577 3985 653 4084 Orat.
667 4031 702 4096 ll,
719 4034 763 4087 21.

220 4103 289 4167 515.
308 4113 335 4158 et
346 4105 407 4156 dum
420 4101 494 4153 clirrd
506 4117 557 4151 noo
566 4101 690 4169 possunt]
710 4098 793 4154 codd.
810 4099 866 4152 fere
882 4112 968 4152 ornnes
982 4103 1009 4151 et
1022 4104 1088 4153 vett.
1101 4097 1161 4152 edd.
1175 4113 1235 4151 curu

178 4167 209 4222 Ἴ,
226 4170 310 4226 codd.
323 4175 347 4226 1.
367 4173 394 4224 2.
406 4171 434 4224 5.
452 4177 478 4222 et
492 4167 534 4221 ed·
549 4170 638 4238 caup.
662 4169 782 4224 omittunt
801 4170 888 4232 uliud,
905 4173 935 4222 ut
954 4185 1095 4238 superesse
1113 4169 1236 4221 rideatur
1279 4235 1281 4240 Ι
