2776 4446
9 217 19 279 .·
90 201 143 272 ἰν·
229 169 231 176 ’
491 207 892 308 ιιιιιιιιιιο.

108 381 176 424 esse
197 361 328 440 ingenue
349 359 511 422 fatebatur.
552 357 667 422 Habuit
689 367 789 422 autem
806 363 952 442 Spalding
973 369 1096 444 praeter
1115 383 1254 446 magnam

107 447 274 508 doctrinam
293 463 594 524 earumquerrerum,
617 466 694 525 quae
714 447 762 523 his
783 447 867 508 libris
888 454 1069 528 tractantur,
1097 451 1255 513 scientiam

107 553 175 594 cum
196 531 294 592 Latini
307 531 463 592 'sermonis
492 531 617 610 eiusque
646 531 768 592 dicendi
797 533 936 610 generis,
971 534 1055 612 qaod
1079 535 1255 612 Quintiliani

105 613 260 698 proprium
289 621 356 698 est,
382 615 556 694 cognitione
581 615 788 688 coniunctam,
820 615 1018 688 fidelissimas
1041 620 1166 681 comites
1183 620 1255 681 reli·

105 701 226 780 glomm
252 700 283 760 in
304 699 490 768 observanda
511 699 656 768 Codicum
678 701 859 762 auctoritate
887 707 920 762 et
948 699 1102 765 andaciam
1128 705 1161 765 iu
1182 723 1255 778 com
1278 723 1281 733 ¹

104 785 239 847 iacturae
259 784 405 864 periculo.
447 784 585 864 Utraque
617 804 693 864 opus
721 803 791 845 esse
812 783 974 863 largietur,
1011 787 1062 864 qui
1083 788 1114 848 in
1135 789 1255 865 Quinti·
1315 783 1322 834 ἶ

104 871 222 946 lianeae
243 868 387 929 orationis
398 869 585 948 'integritate
606 876 637 929 et
658 869 787 930 veritate
803 869 989 949 exploranda
1001 871 1106 932 miram
1120 871 1255 952 interpo-

83 954 244 1036 latlonls,
272 952 490 1032 corruptionis,
521 952 754 1013 aberrationisve
775 954 968 1028 varietatem,
997 955 1254 1036 multiplicemque
1315 939 1325 984 ³
1379 969 1380 976 ’

105 1046 137 1102 et
158 1037 221 1100 reri
242 1044 274 1100 et
294 1036 395 1098 vitiari
417 1037 551 1118 speciem
573 1036 710 1099 inlibris
739 1038 859 1118 scriptis
888 1045 920 1098 et
948 1039 1039 1101 editis
1068 1039 1255 1106 animadver-

105 1124 178 1210 terit
194 1119 238 1208 *).
281 1121 417 1202 Quorum
448 1121 593 1182 librorum
622 1121 754 1182 indIcem
784 1123 835 1183 hic
864 1122 1119 1203 praemittendum
1151 1125 1255 1186 existi·

104 1208 196 1286 mavi,
218 1225 287 1268 cum
307 1206 340 1269 in
361 1225 429 1266 mea
455 1205 648 1278 annotatione
672 1225 777 1267 eorum
799 1201 962 1284 auctoritas
984 1227 1077 1288 saepe
1099 1215 1181 1270 essct
1201 1209 1254 1272 ad·

104 1291 255 1366 hibenda,
276 1296 310 1351 et
330 1291 483 1370 signorum
505 1286 837 1365 brevitatc'utendum,
866 1293 973 1369 quibas
993 1291 1156 1368 liurmaun,
1178 1291 1255 1354 Ges·
1285 1357 1289 1368 ,
1379 1253 1380 1310 l

104 1397 179 1457 ner,
208 1373 355 1456 Spalding
382 1375 476 1435 libras
505 1382 625 1436 veteres
654 1381 691 1456 et
712 1376 842 1456 scriptos
864 1373 1017 1442 etedi'tas
1037 1377 1086 1436 vel
1115 1396 1186 1440 suos
1206 1377 1255 1439 rel

106 1464 143 1524 ab
174 1460 241 1524 aliis
271 1459 424 1521 adhibitas
453 1460 678 1534 distinxissent,
706 1460 886 1540 praesertim
913 1453 982 1524 aum
1013 1461 1163 1522 eiusmodi
1183 1481 1255 1524 cou-

106 1551 230 1627 spectus
260 1543 495 1608 desideraretur.
538 1545 616 1607 Nam
638 1543 874 1605 burmannianas
904 1565 978 1625 opes
1006 1565 1073 1606 cum
1095 1543 1255 1608 Gibsonis-

106 1633 153 1694 nis'
177 1627 351 1690 coniunctas
373 1631 483 1708 partim
503 1621 699 1689 ellrrrmauni
721 1627 915 1688 Praelatione
936 1631 1046 1708 partim
1068 1648 1087 1689 e
1106 1629 1255 1710 Catalogo

107 1714 271 1777 editionum
294 1711 487 1789 Quintiliani,
525 1713 653 1790 quaein
683 1710 880 1773 Almeloreuii
908 1713 1091 1773 bibliotheca
1120 1712 1254 1790 luerunt,

106 1796 291 1861 Praelationl
312 1795 416 1858 addito
436 1797 596 1857 molestum
618 1801 666 1856 est
684 1791 837 1874 colligere.
875 1787 1146 1859 'Gesnorusedi'tas
1159 1797 1255 1861 libros

7 1911 8 1914 ¹
94 1887 167 1978 'non
188 1881 431 1980 commodissimo
453 1882 509 1960 iis,
530 1879 581 1965 qui
604 1880 830 1942 utilissimarum
854 1887 1002 1974 quaerunt
1022 1875 1174 1958 notitiam,
1204 1903 1269 1952 or·,
1379 1927 1380 1936 ι

108 2063 316 2080 m

115 2226 126 2235 ,,
177 2178 202 2261 ⁸)
221 2177 259 2232 la.
279 2173 422 2236 &otardus
435 2173 506 2229 sexti
522 2181 550 2229 et
566 2175 659 2232 decimi
675 2173 775 2238 saeculi
788 2174 870 2232 bouus
886 2173 914 2228 in
930 2171 1016 2246 primis
1039 2175 1127 2246 editor
1148 2175 1254 2240 Quinti-

108 2247 169 2300 liani
185 2265 212 2298 ιιι
228 2247 315 2298 Praei.
333 2243 383 2304 aits
415 2243 499 2307 „Nec
516 2246 581 2298 enim
600 2247 734 2299 obscurum
753 2251 806 2310 est,
831 2252 951 2316 quantam
975 2247 1089 2302 maximis
1112 2245 1255 2330 quibusque

109 2315 256 2369 auctoribus
274 2311 371 2365 cladem
388 2311 506 2365 attulerit
520 2314 570 2366 boc
587 2314 769 2378 emendationis
787 2331 883 2381 genus,
905 2313 973 2393 quod
989 2313 1065 2367 illotis
1082 2315 1183 2386 qmdem
1200 2324 1255 2366 ma-

108 2383 182 2437 nibus
200 2383 234 2436 ad
250 2385 369 2434 auctores
386 2379 459 2448 quasi
475 2397 523 2450 per
540 2381 625 2434 ludum
643 2382 768 2434 accedunt
783 2388 831 2449 pra
849 2379 956 2432 libidine*
968 2387 998 2432 ut
1014 2383 1126 2451 quidque
1140 2383 1167 2433 in
1184 2391 1255 2434 men·

108 2460 161 2506 tem
175 2451 293 2514 venerit,
311 2453 357 2501 out
369 2449 490 2501 tollentes
508 2458 555 2503 aut
568 2450 724 2518 ingerentes.
762 2450 837 2511 Quae
853 2465 896 2502 res
913 2463 970 2500 oum
987 2450 1082 2504 asteris
1097 2452 1154 2502 iera
1174 2449 1255 2504 onm-

107 2521 157 2574 bus
171 2523 227 2574 tum
242 2518 293 2588 ipsi
307 2515 417 2572 manium
433 2518 514 2572 Fabia
531 2520 615 2572 obluit
630 2519 703 2583 adea,
720 2523 750 2570 ut
767 2533 964 2576 mmmmuornre
979 2519 1083 2587 pigent,
1099 2535 1176 2588 quarn
1193 2519 1255 2580 aab·

108 2590 168 2643 inde
191 2589 246 2641 aliis
312 2603 346 2640 ue
368 2585 423 2638 aliis
447 2587 542 2640 mandis
564 2587 700 2640 sciolorum
716 2587 874 2656 quorundam
897 2584 974 2667 aaa,
1002 2587 1083 2649 veluti
1104 2584 1255 2655 vulneribus

109 2659 219 2712 affectus
235 2655 277 2720 sit,
312 2657 353 2712 tm
371 2671 418 2724 pra
434 2673 464 2718 se
480 2653 588 2726 quisque
605 2655 654 2708 boc
670 2651 719 2707 sibi
734 2654 827 2720 sumit,
844 2652 916 2707 utin
934 2654 1016 2709 aheno
1033 2654 1256 2724 labore'ingenio·

109 2745 152 2781 sus
173 2727 301 2780 videatur.
336 2723 396 2787 Qua
419 2725 516 2778 factum
541 2730 595 2790 est,
618 2729 649 2776 ut
665 2722 803 2776 subdititiis
826 2721 977 2794 quibusdam
991 2723 1097 2777 insertis
1113 2741 1164 2776 non
1180 2723 1255 2776 ruodo

108 2795 250 2865 praeterita
272 2793 338 2860 siat,
362 2809 430 2862 quae
446 2793 480 2846 ad
495 2791 712 2858 remlaoiebont,
731 2793 797 2859 ned,
820 2792 889 2862 quod
906 2800 947 2844 est
963 2793 1041 2846 multo
1065 2792 1255 2862 grovbdmum,

56 2866 59 2874 ’
109 2863 243 2932 coeperint
264 2861 369 2914 interim
383 2861 410 2912 iu
427 2863 511 2930 pretio
527 2881 587 2918 esse
605 2869 632 2916 et
649 2879 712 2927 usu,
735 2863 783 2918 sub
808 2861 893 2930 magud
916 2860 1016 2918 seilicet
1029 2861 1138 2926 nominis
1155 2863 1255 2928 umbro.

109 2949 175 3002 quae
192 2933 225 2984 ab
242 2928 310 2985 amni
325 2929 424 2980 dicendi
440 2932 539 2983 ratione
555 2932 630 2998 longe
646 2932 749 2998 lateque
766 2931 950 2982 abhorreant.“

123 3059 128 3068 ,
177 2999 295 3053 Eanudern
310 2995 462 3059 ‘Quintiliani
477 3005 574 3052 sortem
590 2999 708 3080 deplorat
725 2997 862 3050 Burmann
878 2997 904 3049 in
920 2997 1023 3049 Praet:
1045 2993 1161 3061 „Nullus
1179 2996 1254 3061 ardna,

109 3069 203 3133 credo,
225 3066 337 3136 scriptor
353 3065 386 3118 ad
403 3082 449 3118 nos
473 3066 604 3134 pervenit,
626 3083 652 3117 ιιι
670 3082 721 3136 quo
737 3070 779 3118 tot
796 3066 891 3120 allecta
908 3071 935 3116 et
954 3065 1030 3134 plane
1052 3065 1190 3134 desperata
1207 3066 1255 3118 ad-

108 3139 159 3192 huc
175 3138 232 3190 loca
248 3139 401 3204 supersunt,
427 3135 519 3204 quibus
537 3142 567 3187 ut
583 3134 707 3188 mediaaiu
729 3151 829 3188 manum
851 3133 972 3187 adbibere
991 3140 1019 3186 st
1036 3139 1159 3186 excutere
1179 3134 1254 3204 quid

11 3227 14 3234 ·
109 3206 171 3279 quid
187 3203 301 3258 codicum
315 3202 413 3271 abique
428 3203 519 3269 lateat,
538 3203 631 3256 eruditi
645 3203 695 3256 viri
711 3209 739 3258 et
755 3201 916 3272 eloquentiae
933 3201 1041 3254 studiosi
1057 3201 1144 3266 velint,
1162 3203 1254 3271 ιιιιιςὶιο

109 3293 188 3330 aare
210 3265 410 3339 contendendum
434 3276 503 3324 est.“
537 3271 609 3324 idern
624 3273 657 3325 V.
674 3273 707 3325 D.
724 3271 807 3322 tribus
823 3273 879 3323 iere
896 3270 1005 3341 plagulis
1023 3277 1095 3340 post:
1119 3270 1254 3342 „ideoque

111 3363 134 3396 ar
151 3344 283 3398 doctorum
299 3340 411 3392 virorum
428 3340 541 3393 inlibris
560 3341 663 3394 edendis
681 3339 736 3394 sala
753 3339 819 3391 ratio
837 3339 953 3392 babendo
968 3341 1054 3404 toret,
1076 3357 1128 3392 nan
1141 3339 1191 3392 alia
1208 3356 1254 3392 sc-

85 3467 88 3475 ,
110 3413 224 3466 cessione
241 3409 285 3464 alli
302 3408 360 3462 libri
377 3415 464 3462 essent
480 3407 667 3479 locupletandi,
685 3406 734 3462 nial
751 3408 927 3472 exactissima,
945 3408 1023 3460 etiarn
1038 3407 1073 3461 ad
1090 3407 1254 3490 superstitio-

109 3498 167 3534 nem
183 3497 277 3550 usqoe,
299 3477 422 3532 variantis
440 3476 585 3548 scripturae
601 3476 781 3548 descriptione.
816 3477 884 3530 Nam
900 3477 959 3528 inde
976 3477 1058 3530 doctis
1077 3475 1138 3530 rima
1164 3476 1254 3544 plenus
1317 3497 1320 3502 ·

109 3549 173 3602 satis
191 3555 218 3602 et
235 3552 340 3616 apertus
356 3547 494 3600 verborum
511 3563 601 3601 sensus
623 3547 813 3610 adlucesaeret,
837 3552 864 3598 et
881 3547 1055 3598 commentarii
1077 3551 1170 3614 sponte
1185 3545 1254 3598 inter

108 3617 242 3687 legendum
254 3621 436 3680 nascerentur,
453 3634 517 3699 quos
527 3633 607 3680 nunc,
624 3616 685 3686 quia
693 3619 725 3668 'et
736 3615 763 3666 iu
774 3613 937 3667 mediocriter
948 3615 1106 3666 eruditorum
1116 3621 1144 3665 et
1157 3612 1254 3666 abeno-

108 3705 166 3740 rum
191 3683 273 3738 etiam
286 3701 303 3736 a
321 3683 425 3746 (luiticis
447 3685 487 3737 bas
510 3685 621 3738 terarlis‘
635 3701 709 3738 usum
731 3683 864 3754 procurari
880 3683 975 3736 debent
997 3681 1137 3747 editiones,
1161 3697 1253 3750 magno

110 3756 246 3809 verborum
261 3753 357 3806 ambitu
373 3753 502 3806 cumulare
518 3757 671 3826 οιιςιιιιῐιιι.ιι

176 3823 249 3877 Adde
273 3821 395 3876 Obrcalrts'
416 3821 550 3891 epistolam
571 3822 680 3874 dedicat.
702 3819 735 3872 nd
761 3820 918 3874 Gibsonurur
932 3819 1088 3886 ',‚Vulnsrs,
1110 3816 1207 3888 inquit,
1223 3821 1254 3871 ut

39 3901 40 3906 Ν
109 3889 779 4018 :tristitiis“tlwt‘tt‘tltd
795 3889 984 4027 “iltuit
1000 3887 1254 4010 atttriti}

109 4031 208 4084 felicius
225 4029 380 4093 correxerit,
395 3999 442 4099 qa’i
459 4035 517 4082 arte
534 4034 561 4083 et
576 4027 667 4080 iudicio
684 4027 770 4092 valet,
794 4025 931 4100 quara'qai
948 4033 976 4078 et
990 4044 1006 4078 a
1022 4024 1133 4077 llbrsriis
1149 4022 1252 4092 irnperi-

25 4103 29 4110 '
109 4100 206 4154 tlsaime
219 4098 310 4170 scripti
326 4103 354 4152 et
371 4099 404 4152 eb
422 4097 627 4153 emendatoribus
650 4111 697 4168 pro
713 4096 926 4168 desperatissimis
944 4093 1038 4148 abiecti
1054 4095 1142 4147 sunt.⁴‘
1201 4108 1204 4116 ’
