2774 4444
304 129 354 230 s
378 144 1046 284 ιιιειιιιιιιιιῖιιι.ιιιιιι·“,ι.’
1157 190 1251 258 ,aar
1328 267 1330 275 Α

10 385 11 392 ,
168 335 244 410 euim
260 336 366 409 uideri,
392 337 447 414 qai
459 340 522 394 tuto
540 336 625 396 ctiam
643 337 818 398 consessurus
837 338 905 411 init,
925 336 1077 398 mentiendi
1091 357 1205 402 musam
1222 341 1282 400 in

92 461 94 466 ,
128 475 143 489 „
166 420 307 496 uomodo
318 438 376 479 uon
395 419 509 480 habere
647 429 650 440 ⁴
690 469 695 476 ,

253 504 291 562 Et
305 503 373 563 illud
389 506 486 582 utique
499 505 653 564 iaciendum
670 511 711 564 est
711 511 783 580 ,ιιι
804 498 911 583 quoties
925 488 1122 586 suspicabimur
1134 511 1304 580 aiudica18'

168 525 251 648 aliam
264 591 457 667 probationem
470 591 654 661 desiderari,
651 609 755 666 quam
753 592 796 650 de
813 609 868 668 qua
883 591 1036 669 loquimur,
1052 595 1291 694 promittamus
1303 581 1306 594 ¹

44 667 52 674 ’
166 690 219 730 nos
234 673 318 751 plene
334 681 364 733 et
374 676 469 756 statim
492 677 529 734 da
550 693 583 733 eo
602 676 670 733 satis
686 695 749 736 csse
764 677 904 740 [aduras.
932 675 1274 758 qaaecipueque,1sirle

168 759 276 836 pudore
285 761 388 836 agitur.
427 759 604 838 :Frequenter
624 765 716 830 autem
737 761 850 834 accidit,
872 769 903 820 ιιι
917 777 1110 842 camapauu
1121 777 1293 832 uaccas-19

164 843 222 915 da,
244 844 304 902 iure
317 851 382 924 tuta
399 845 451 902 sit:
474 846 511 904 de
531 864 587 922 quo
608 865 645 904 na
664 843 741 904 inriti
760 845 863 904 iudices
878 849 993 909 audant
1008 854 1038 907 ει
1046 848 1174 922 adransi,
1195 851 1251 908 sre-

121 979 125 988 .
167 930 383 1004 qnantussut
386 931 571 1004 adaquandi,
589 935 743 989 ιειιιιιιιιιιι
759 929 933 1008 dafarn'onarn
947 929 1091 1010 probabatis
1106 953 1139 992 cc
1158 933 1250 1008 do'gni·
1277 941 1282 945 ’

158 1015 250 1070 cato:
278 1021 424 1090 respectent
438 1015 568 1092 paulum,
599 1020 625 1073 et
646 1019 698 1091 agi
717 1015 808 1074 ordrbe
824 1020 924 1077 sinant.
971 1019 1120 1086 deam
1133 1019 1293 1084 interimam

167 1116 218 1155 uos
234 1103 263 1158 et
282 1099 375 1158 invitis
394 1101 575 1176 litigatoribus
598 1101 781 1160 simulandum
799 1108 842 1160 cst
862 1104 969 1174 dicere,
991 1103 1067 1178 quod
1080 1103 1178 1162 Cicero
1196 1121 1250 1180 pro
1293 1156 1296 1166 ,

168 1181 297 1256 Cluentio
317 1185 424 1244 facit
402 1205 473 1244 circa
494 1185 665 1242 iudiciariam
686 1184 793 1262 legem:
809 1179 1033 1263 nonnunquam,
1062 1188 1140 1263 quasi
1163 1189 1251 1246 inter-

136 1266 298 1350 „pellamur
310 1269 373 1328 ab
357 1289 405 1344 us
427 1269 589 1328 subsistere.
611 1289 695 1348 saepe
706 1273 855 1330 avertenda
871 1273 929 1329 ad
921 1291 996 1351 ipsos
1013 1273 1118 1344 oratio;
1138 1271 1251 1330 hortan-
1327 1267 1332 1274 ’

166 1352 213 1426 di,
234 1359 265 1420 ut
277 1354 369 1412 sinaut
382 1375 433 1412 uos
447 1357 488 1415 uti
509 1360 605 1412 nostro
622 1354 743 1417 consilio.
785 1355 829 1416 Ita
850 1363 1008 1436 surrepetur
1030 1357 1122 1416 animo
1143 1357 1249 1431 iudicis,

167 1443 212 1511 et,
232 1438 297 1496 dum
310 1445 404 1514 sperat
422 1439 617 1518 probationem
634 1439 763 1517 pudoris,
784 1442 969 1518 asperioribus
988 1442 1039 1518 illis
1054 1443 1148 1517 miuus
1166 1463 1249 1520 repu-

73 1571 78 1580 .
166 1523 271 1598 guahit
316 1523 397 1590 Quae
416 1543 477 1582 curn
499 1524 650 1622 receperit,
673 1520 754 1583 etiam
773 1526 953 1585 verecundiae
973 1527 1125 1602 defensioni
1137 1527 1308 1624 ‘facilioral‘
1348 1591 1354 1606 x

165 1607 225 1666 erit.
268 1607 316 1668 Sic
334 1615 451 1686 utraque
471 1627 516 1668 res
535 1609 651 1668 invicem
671 1609 792 1685 iuvabit,
820 1611 929 1687 critque
946 1595 1029 1670 iudex
1048 1610 1119 1668 circa
1136 1608 1178 1668 ius
1196 1631 1249 1668 no-

165 1697 250 1750 strum
276 1711 327 1772 spe
355 1695 508 1754 modestiae
532 1694 680 1768 attentior,
711 1695 782 1754 circa
806 1695 1006 1756 modestiam
998 1695 1064 1752 ruris
1082 1694 1248 1774 probatione
1290 1761 1292 1764 ¹

137 1777 316 1856 proclivior.

247 1863 322 1940 Sed,
343 1869 375 1921 ut
395 1876 459 1923 uon
471 1882 580 1942 semper
597 1864 767 1937 necesaria,
797 1870 846 1928 aut
867 1863 957 1923 utilis
961 1865 1042 1924 ctiam
1061 1825 1174 1942 partitio
1194 1873 1246 1940 est,
1254 1884 1288 1938 ιε

164 1947 204 2006 ita
229 1936 386 2027 opportune
404 1949 529 2008 adhibita
547 1947 693 2027 plurimum
714 1950 834 2007 orationi
856 1948 937 2008 lucis
950 1956 978 2008 et
999 1951 1105 2024 gratiae
1132 1949 1247 2010 confert.

164 2031 265 2110 Neque
276 2033 348 2092 anun
362 2034 449 2092 solum
462 2034 491 2091 id
505 2031 604 2104 efficit,
625 2037 658 2089 ιιι
676 2031 791 2091 clariora
804 2032 890 2104 fiant,
912 2052 984 2109 quae
997 2032 1141 2106 dicuntur,
1164 2036 1246 2093 rebus
1262 2083 1267 2088 .
1302 2105 1304 2109 Ι

164 2117 239 2176 velut
255 2130 289 2177 ax
307 2119 389 2176 turba
409 2119 553 2200 extractis,
576 2122 605 2174 ct
619 2118 648 2174 iu
661 2123 811 2196 conspectu
823 2117 943 2176 iudicum
957 2117 1069 2195 positis:
1098 2119 1148 2176 sed
1159 2119 1247 2178 reiicit

164 2221 280 2278 quoque
292 2203 449 2263 audientem
470 2208 545 2260 certo
566 2200 732 2276 singularum
746 2202 865 2279 partimu
879 2201 949 2261 line:
970 2220 1029 2260 nou
1047 2201 1141 2275 aliter,
1163 2220 1246 2279 quam

163 2287 324 2346 facientibus
336 2287 402 2359 iter,
423 2285 539 2344 multum
555 2286 705 2344 detrahunt
720 2286 889 2363 fatigationis
901 2291 999 2346 notata
1019 2287 1156 2364 inscriptis
1177 2287 1263 2366 lapi-·

107 2371 244 2430 caedibus
256 2373 353 2450 spatia.
396 2370 470 2430 Nam
483 2377 513 2431 et
527 2371 649 2430 exhausti
661 2371 763 2431 laboris
784 2391 865 2431 nosse
875 2391 1030 2431 mensuram
1042 2371 1176 2451 voluptati
1193 2380 1286 2448 est,q3
1350 2363 1357 2376 ”

164 2457 336 2516 abhortatur
356 2457 394 2514 ad
413 2455 524 2533 reliqua*
537 2455 635 2516 fortius
658 2459 857 2534 exsequenda,
879 2458 948 2524 scire
968 2463 1100 2534 quantum
1113 2459 1242 2535 supersit.
1305 2507 1312 2519 .

96 2567 107 2576 ·
162 2541 238 2601 Nihil
254 2542 328 2601 enim
341 2542 455 2618 longum
466 2543 554 2601 videri
565 2560 677 2602 necesse
695 2549 748 2616 est,
769 2543 876 2618 inquo,
897 2543 966 2618 quid
981 2542 1109 2598 ultimum
1118 2542 1163 2612 sit,
1185 2560 1243 2601 aar·

162 2633 222 2686 tum
241 2633 307 2688 est..
332 2626 395 2686 Nec
413 2629 548 2684 immerito
569 2628 684 2684 mrdturn
701 2646 735 2684 ex
754 2626 898 2701 diligentia
916 2625 1053 2702 partiendi
1073 2623 1136 2681 trdit
1155 2623 1285 2702 laudiqu

147 2711 201 2780 ¹Q.
218 2711 398 2770 Hortensius:
419 2713 499 2770 mlius.
511 2717 606 2768 tamen
623 2709 848 2783 divisionem„iu
866 2709 968 2784 digitos
988 2707 1144 2780 diductam,
1172 2729 1243 2766 non-
1346 2729 1348 2735 ·

162 2813 304 2872 nunquam
319 2795 417 2853 Cicero
430 2794 525 2852 leviter
537 2795 630 2852 eludit.
672 2793 747 2852 Nam
759 2799 801 2852 est
814 2813 878 2852 suus
893 2794 962 2854 etin
982 2797 1062 2868 gestu
1078 2793 1192 2867 modus,
1212 2801 1243 2852 'ct
1306 2851 1310 2858 ,

163 2881 294 2952 vitanda,
315 2884 347 2936 ut
365 2898 438 2957 quac
451 2879 581 2951 maxime,
604 2880 712 2938 sonaim
729 2879 842 2936 nimium
857 2883 886 2938 et
902 2878 978 2936 velut
996 2876 1141 2935 articrdosa
1155 2880 1242 2957 parti-
1375 2939 1376 2944 ,

129 2963 131 2974 ’
162 2967 212 3028 tio.
255 2963 329 3024 Nam
348 2971 375 3024 et
399 2963 557 3022 auctoritati
574 2963 720 3042 plurimum
740 2963 888 3022 detrahunt
907 2963 1013 3020 minuta
1033 2961 1091 3034 illa,
1113 2981 1164 3021 nec
1186 2963 1284 3042 iam25
1325 2997 1333 3006 ·

164 3052 304 3124 membra,
324 3051 382 3109 sed»
399 3051 503 3108 frusta:
525 3055 560 3108 et·
574 3049 653 3108 huius
673 3048 778 3125 gloriae
798 3048 907 3127 cupidi,
930 3067 986 3128 quo
998 3047 1126 3127 ‘subtilius
1147 3053 1176 3106 et
1194 3069 1242 3106 co-

164 3138 267 3215 piosius
286 3137 411 3194 divisisse
429 3135 588 3210 rideantur,
610 3131 817 3213 etsupervacua
831 3139 988 3206 assumunt,
1000 3138 1054 3204 et,
1077 3151 1150 3208 quaa
1162 3139 1242 3190 natu-

164 3240 197 3280 ra
218 3221 365 3295 singularia
383 3225 464 3293 suut,
496 3226 604 3278 secant·
633 3239 684 3278 nec
701 3225 760 3278 tam
778 3219 857 3298 plura
874 3218 993 3288 saciant,
1021 3235 1104 3292 quarn
1122 3215 1252 3285 minora}

75 3333 80 3340 ·
165 3306 266 3372 deinde
285 3324 346 3362 cum
367 3263 492 3370 seceruht
510 3303 584 3364 mille
601 3303 764 3382 particulas,
786 3303 942 3361 ineandcm
955 3301 1079 3358 incidrmt
1092 3299 1243 3357 obscurita-

139 3399 234 3464 teum
256 3395 352 3448 contra
363 3409 449 3466 quam
458 3390 572 3467 partitio
583 3391 693 3448 inventa
708 3395 758 3450 est.

107 3509 165 3560 att,
248 3491 289 3550 Et
301 3491 389 3548 divisa
403 3495 435 3550 et
448 3489 561 3568 simplex
582 3490 749 3568 propositio,
770 3489 878 3565 quoties
889 3487 990 3546 utiliter
1000 3483 1124 3545 adhiberi
1130 3491 1241 3566 potest,
1250 3513 1284 3565 25

164 3579 281 3657 primum
294 3575 380 3636 debet
393 3595 454 3635 esce
468 3580 564 3653 aperta
577 3581 661 3649 atque
672 3573 761 3632 lucida
781 3573 861 3647 (uam
875 3573 941 3648 quid
957 3573 993 3629 sit
1010 3569 1131 3647 turpius,
1159 3591 1241 3648 quam

163 3663 195 3720 id
211 3682 270 3721 esse
288 3660 452 3720 obscurum'
445 3679 545 3739 ipsum,
564 3655 659 3734 quod
652 3677 681 3716 ιιι
696 3677 759 3716 aum
771 3657 860 3715 solum
872 3656 1017 3716 adhibetur
1028 3673 1116 3728 usmn,
1138 3675 1173 3715 ne
1187 3658 1242 3714 siut

164 3752 268 3805 cetera
278 3746 450 3822 obscura‘l),
478 3751 537 3804 tum
556 3744 662 3814 brevis,
688 3762 740 3801 uec
760 3741 814 3800 ullo
833 3759 1001 3820 supervacuo
1021 3749 1143 3799 onerata
1147 3741 1241 3799 verbo

165 3829 232 3890 Non
246 3831 335 3905 arim,
358 3833 427 3909 quid
442 3833 581 3903 dicamus,
606 3829 671 3900 sed,
692 3828 729 3890 de
749 3847 805 3905 quo
817 3827 918 3886 dicturi
934 3847 1042 3899 sumus,
1064 3824 1240 3891 ostendimus.

129 4083 136 4090 ’
233 4084 304 4148 §aa
319 4099 369 4151 pro
386 4081 521 4152 anantio]
539 4097 562 4132 c.
579 4081 621 4134 52.
640 4139 646 4150 ⁸

142 4163 145 4168 '
208 4163 420 4218 Qursrrarisus.
