2788 4452
302 333 307 344 .
380 229 550 301 rust.
573 237 779 309 oneror.
801 192 887 346 ira.
909 241 959 344 η,
974 239 1004 309 4.
1116 191 1132 344 ‚⁵
1207 247 1256 322 or

85 449 90 458 .
170 399 268 471 uibus,
295 415 353 456 uon
376 389 532 456 averitate
555 397 655 470 modo,
678 397 729 457 sed
751 399 834 462 etiam
850 418 867 456 a
886 401 976 458 forma
989 397 1114 458 veritatis
1132 407 1255 470 remota3

168 489 369 560 argumentum,
398 483 616 559 quodfalsum,
645 484 696 541 sed
720 503 787 542 vero
816 483 917 558 simile,
947 481 1108 547 comoediae
1128 485 1255 562 fingunt3
1305 481 1307 486 ’

169 570 325 640 ln‘storium,
345 569 449 644 inqua
466 574 510 626 est
525 575 623 644 gestae
641 569 682 626 rei
695 571 848 644 expositio;
871 571 1056 645 grammaticis
1073 576 1167 630 autern
1188 575 1256 649 poi·
1306 585 1312 602 ⁸
1343 583 1347 592 ⁴

168 657 240 714 ticas
260 654 404 712 dedimus:
429 653 504 730 apud
525 653 664 712 rhetorem
683 655 791 712 initium
808 656 844 712 sit
857 653 989 726 histoiia3
1013 660 1093 717 tanto
1105 657 1254 734 robustior,

170 749 277 816 quanto
291 739 389 797 verior.
419 738 479 796 Sed
497 740 629 798 narrandi
646 733 759 814 quidem
774 757 847 824 quae
858 740 939 798 uobis
952 742 1058 818 optima
1071 743 1144 799 ratio
1158 743 1279 805 videa-'3

169 831 231 898 rur,
253 829 312 882 tum
324 823 590 898 demonstrabimus,
614 826 676 882 cnm
691 825 727 882 de
741 819 861 882 iudiciali
877 829 958 902 parte
969 826 1100 884 dicemus.
1141 827 1255 900 Interim
1333 831 1337 836 ’
1357 831 1362 837 “

169 911 319 984 admonere
336 905 404 966 illud
421 910 489 966 satis
509 915 567 983 est,
596 915 630 968 nt
643 910 680 967 sit
696 915 836 986 ea'neqne
856 911 935 980 arida
954 929 1068 987 prorem
1085 916 1171 988 atquc
1186 914 1256 973 ieiu·
1333 943 1338 950 ·

50 1009 57 1016 ·
168 1013 208 1054 na
222 995 382 1070 (namquid
397 1013 466 1071 opus
481 1001 542 1053 erat
552 993 662 1054 tantum
676 983 775 1052 stridiis
794 995 896 1059 laboris
910 996 1087 1073 impendere,
1111 997 1136 1054 si
1148 1015 1193 1056 res
1203 1017 1258 1057 nu·

170 1083 221 1139 das
237 1085 322 1155 atque
333 1080 474 1138 inornatas
487 1080 609 1139 indicare
619 1080 687 1138 satis
698 1078 897 1156 videretur‘l):
919 1100 1011 1158 neque
1027 1101 1122 1140 rursus
1135 1083 1256 1156 sinuosa,

147 1187 157 1230 ,⁸
171 1170 201 1224 et
221 1165 358 1222 arcessitis
379 1164 627 1244 descriptionibus,
656 1167 686 1223 in
709 1184 779 1240 quas
805 1166 932 1243 plerique
950 1168 1108 1238 imitatione
1128 1169 1257 1245 potticae

168 1249 297 1325 licentiae
311 1225 463 1321 ducuntrir,
484 1244 630 1309 lasciviat
652 1251 756 1308 Vitium
773 1257 940 1328 utriunque:
967 1253 1046 1330 peius
1065 1246 1162 1312 tamen
1177 1251 1281 1326 illud,l
1299 1307 1311 1334 ,x
1364 1271 1370 1280 ‘

61 1401 76 1419 ι,
168 1335 414 1412 quodexinopia,
441 1353 525 1415 quam
538 1337 615 1410 quod
633 1337 856 1412 excopiavenit.
1102 1353 1106 1364 ·
1168 1353 1173 1368 ⁸

252 1417 328 1478 Nam
346 1421 376 1476 in
398 1421 607 1496 pneris—oratio
619 1422 743 1496 perfecta
765 1440 818 1478 nec
833 1422 927 1496 exigi,
944 1425 999 1480 'nec
1019 1425 1123 1500 sperari
1143 1429 1271 1501 potesta

167 1503 266 1562 melior
289 1508 384 1565 autem
408 1509 451 1562 est
473 1503 582 1562 indoles
602 1503 693 1576 laeta,
714 1507 897 1582 generosique
918 1501 1049 1586 conatus,
1071 1515 1101 1566 et
1117 1509 1160 1567 vel
1175 1508 1256 1586 plura
1286 1517 1291 1528 '

110 1591 243 1652 rusiusto
266 1589 421 1666 concipiens
442 1589 557 1647 interim
573 1590 694 1666 spiritus.
736 1589 799 1648 Nec
813 1609 936 1667 unquam
958 1609 1004 1649 me
1020 1592 1050 1660 in
1065 1591 1107 1650 his
1122 1587 1280 1652 discentist

167 1675 248 1732 annis
270 1674 412 1746 offendat,
435 1674 540 1750 siquid
558 1675 741 1752 superfuerit
779 1675 854 1743 Quin
868 1677 936 1754 ipsis
949 1677 1111 1736 doctoribus
1124 1677 1178 1742 hoc
1193 1697 1256 1738 esse
1298 1679 1323 1750 ,’“

165 1777 248 1818 curae
258 1757 349 1831 velim,
363 1765 395 1816 ut
406 1765 518 1818 teneras
534 1761 625 1818 adhuc
634 1765 742 1820 mentes
756 1779 833 1820 more
846 1763 986 1822 nutricum·
996 1761 1103 1840 mollius
1116 1763 1201 1836 alant,
1225 1770 1255 1822 et

166 1845 261 1904 satiari
270 1843 351 1902 vuelut
363 1845 485 1920 quodam
496 1845 664 1904 iucundioris
676 1837 837 1925 disciplinae
847 1846 920 1906 lacte
932 1847 1088 1925 patiantur.
1113 1848 1178 1908 Erit
1188 1848 1255 1908 illud

58 1978 59 1986 ,
164 1929 273 2007 plenius
290 1931 523 2008 iuterimeorpus,
548 1933 700 2006 quodmox
715 1931 812 1990 adulta
826 1935 1064 2008 cetasastrrngac
1097 1931 1173 2004 Hine
1188 1937 1279 2012 s'pes6
1380 1929 1385 1938 ’

164 2015 282 2074 roboris.
324 2014 584 2091 Modern-namque
605 2021 635 2074 et
655 2017 845 2094 infirmitatem
864 2019 894 2075 in
910 2023 1053 2094 posterum
1069 2019 1255 2078 minari-solet

57 2131 58 2134 =
164 2101 292 2178 protinus
304 2100 430 2158 omnibus
442 2101 574 2160 membris
589 2091 735 2178 expressus
753 2103 852 2158 infans.
874 2100 985 2178 Audeat
998 2100 1068 2162 haec
1080 2109 1159 2180 aetas
1175 2104 1255 2181 plura
1270 2141 1274 2150 ·

166 2190 197 2244 et
208 2185 349 2256 iuveniat,
371 2191 400 2244 et
415 2186 533 2243 inventis
550 2186 688 2260 gaudeat,
708 2187 769 2242 sint
784 2185 850 2244 licet
862 2185 907 2242 illa
920 2205 977 2245 non
992 2187 1060 2244 satis
1075 2188 1255 2248 interimsic-
1356 2263 1360 2270 Ι

167 2287 201 2326 ca
219 2273 249 2326 et
266 2271 370 2328 severa.
413 2269 508 2328 Facile
530 2270 682 2328 remedium
706 2275 750 2329 est
766 2269 918 2330 ubertatis:
939 2270 1049 2329 sterilia»
1062 2271 1138 2330 nullo
1159 2273 1259 2333 labore·

166 2354 321 2412 vincuntur.
364 2354 413 2412 Ille
426 2354 494 2415 milri
507 2356 535 2412 in
547 2357 639 2432 pueris
658 2356 758 2413 namra
778 2357 920 2414 minimum
934 2358 994 2434 spei
1010 2358 1134 2430 dederit,
1156 2359 1185 2417 in
1198 2369 1279 2436 qua?
1384 2413 1385 2416 ,

165 2439 309 2514 ingenium
328 2440 430 2498 iudicio
450 2442 642 2518 praesumitur.
684 2439 833 2520 Materiam
855 2462 916 2501 esse
936 2443 1056 2520 primum
1067 2443 1130 2502 volo
1145 2445 1190 2503 vel
1202 2443 1264 2504 ab-'
1311 2509 1313 2516 ,

165 2525 358 2583 undantiorem
371 2525 557 2602 atqneultra,
578 2545 662 2604 quam
675 2533 820 2608 oporteat,
840 2529 940 2588 tusam.
984 2526 1105 2588 Multum
1124 2531 1191 2590 inde
1204 2531 1253 2589 de·
1324 2545 1327 2556 ·
1382 2523 1385 2530 ’

747 2661 750 2664 -
1136 2639 1139 2646 “
1196 2637 1251 2676 e!

164 2782 271 2832 teritum
283 2777 425 2832 revocarit.
459 2777 509 2830 His
525 2779 593 2832 addc
608 2779 693 2832 (lodd.
710 2780 768 2834 RR.
785 2783 808 2834 1.
821 2782 847 2834 2.
863 2783 889 2836 6.
912 2787 940 2834 et
954 2780 996 2834 ed.
1012 2781 1096 2836 Hack.
1114 2783 1191 2840 1665.
1211 2783 1253 2851 fin

165 2847 199 2902 R.
214 2847 241 2902 5.
255 2854 283 2900 et
299 2847 342 2900 ed.
357 2847 447 2914 Camp.
460 2853 501 2898 est
513 2849 671 2916 accepimus)
690 2856 769 2918 atque
788 2847 942 2920 Spaldingio
961 2850 1065 2906 videtur
1078 2851 1162 2922 aptius
1171 2863 1253 2924 'prae-

165 2933 240 2986 sens,
260 2916 321 2988 quia
337 2913 500 2984 significetur
522 2923 630 2986 recepta
652 2917 722 2972 inter
740 2909 857 2972 liomines
875 2917 970 2971 divisio
986 2921 1176 2992 narrationum,
1201 2929 1268 2992 non,

163 2982 1157 3124 {leuitttttttlt.⁵⁰¹³lt⁰t.³tristitie‘ittletitie&
1173 3011 1253 3116 Plu
1362 3055 1367 3062 ·

164 3123 270 3192 proprie
282 3125 315 3177 de
329 3143 358 3178 se
372 3123 442 3177 dicut
454 3125 597 3194 respiciens
615 3075 649 3179 dd
670 3127 691 3190 Ι,
712 3130 738 3190 8,
758 3131 798 3182 18.
816 3127 838 3192 l,
856 3129 882 3193 9,
898 3075 968 3184 2p6·
1004 3128 1045 3183 De
1063 3081 1253 3200 pecuniaque-

165 3195 284 3262 gementi
297 3194 490 3264 significatuv.
503 3193 536 3248 D.
552 3196 665 3248 conferri
676 3196 749 3250 iubet
762 3197 818 3253 Cic.
833 3198 937 3256 delur.
954 3197 976 3263 Ι,
990 3199 1030 3254 19.
1065 3201 1191 3270 Equidem
1213 3203 1253 3256 siu
1268 3243 1271 3246 -

165 3261 265 3313 sentio:
283 3264 421 3331 accipimus
436 3271 477 3316 est
487 3265 696 3335 comprobemus,
714 3274 743 3320 ut
757 3263 807 3334 Ill,
825 3265 851 3332 4,
871 3269 912 3323 12.
928 3270 1090 3337 accepimus,
1112 3286 1179 3340 quae
1196 3276 1251 3321 tra·

165 3331 221 3384 dita
235 3331 310 3392 uobis,
321 3340 397 3396 sunt,
414 3341 538 3386 tenemur.

232 3401 289 3466 §2
306 3403 424 3469 remota]
442 3403 535 3471 scripsi
554 3403 711 3457 auctoritate
724 3404 807 3459 codd.
829 3405 918 3458 Almel.
931 3403 1021 3458 Turio.
1038 3404 1127 3456 Guell.
1152 3405 1248 3476 cipro

164 3469 233 3538 vulg.
246 3478 381 3522 remotum.
404 3472 488 3542 'Num
497 3472 585 3526 fabule
603 3491 655 3526 uon
668 3491 764 3544 perse,
785 3475 832 3528 sed
846 3479 981 3544 poetarum
1001 3481 1066 3538 erte,
1081 3475 1193 3528 sturme
1205 3494 1251 3530 ve-

42 3570 48 3578 ·
162 3537 249 3594 ritutiu
267 3547 367 3594 remota
382 3547 434 3593 est.

232 3613 250 3675 §
264 3611 290 3664 3.
311 3618 366 3663 tum
381 3610 631 3678 deueonrtrudimur]
649 3612 741 3676 1..IV‚
760 3612 785 3665 2.
1331 3681 1335 3684 ,

84 3733 94 3742 ,
189 3671 196 3684 ’
216 3681 285 3745 ,sa
304 3679 442 3747 lmcivint]
459 3679 537 3732 Hanc
550 3681 626 3749 Regii
640 3681 829 3744 coniecturum,
848 3698 903 3734 curn
922 3680 1020 3740 innuis
1038 3682 1122 3740 codd.
1136 3682 1251 3737 invenis-
1384 3683 1385 3708 Ι

127 3755 149 3784 ”
164 3751 205 3802 eet
217 3749 374 3814 lasciviunt,
393 3749 546 3802 confirmant
561 3750 654 3805 Turic.
666 3748 742 3804 Bodl.
757 3749 814 3803 Bel.
825 3750 889 3804 Alm.
907 3751 965 3805 RR.
978 3754 1005 3810 2
1020 3751 1045 3806 3.
1061 3753 1158 3822 (Goth.
1173 3753 1250 3806 lasci-
1295 3753 1305 3767 ⁸
1336 3761 1341 3774 “
1358 3781 1361 3784 -
1384 3779 1385 3782 “

162 3807 223 3884 uio)
244 3823 299 3870 tum
325 3819 406 3872 Andr.
420 3819 491 3889 ΙΙιηη.
511 3819 570 3874 Ald.
593 3819 685 3874 Colon.
705 3820 777 3876 Siclr.
798 3820 902 3891 Gryph.
918 3821 975 3874 col.
996 3822 1077 3876 Baril.
1098 3830 1128 3874 ut
1147 3820 1250 3872 nesciae

162 3884 232 4006 ppde
244 3885 272 3940 id
273 3885 334 4009 ³qijt,
352 3887 420 3956 quod
433 3887 520 3942 Burni.
538 3890 724 3962 Gesnsspald.
743 3895 900 3960 receperunt
913 3893 1021 3946 lasciua.
1039 3890 1146 3952 cf.1V‚
1165 3891 1189 3950 1,
1207 3889 1249 3942 77.

111 4037 116 4044 ·
202 3991 211 4019 ’
230 3954 291 4090 {t
306 4024 376 4078 Num
392 4003 421 4078 iri
438 4027 608 4099 partirem]
628 4026 692 4080 lnde
710 4028 743 4080 ab
759 4027 799 4080 his
813 4027 902 4080 verbis
919 4043 1002 4095 usque
1017 4024 1081 4090 ads
1099 4025 1141 4078 15.
1160 4024 1194 4076 el)
1208 4041 1248 4086 eo,

162 4092 231 4147 unde
243 4107 366 4162 egressus
378 4097 433 4162 eut,
452 4095 582 4166 paululum
595 4095 714 4156 deflectit
729 4097 780 4161 Qu.
794 4095 829 4151 ad
849 4101 1005 4165 praecepta,
1031 4107 1100 4160 quae
1109 4089 1187 4160 nlius
1202 4109 1248 4161 pe·
1276 4117 1281 4132 =

158 4169 236 4230 -tent,
260 4180 334 4233 quam
355 4163 477 4218 narrandi
491 4165 651 4220 exercitatio.
1171 4169 1173 4176 ’
