2774 4444
313 193 319 294 ζ
405 189 996 304 1nsn.onlr'oa·n1n.1r,5.
1054 297 1056 304 Ι
1126 209 1224 280 „aas

126 365 181 430 ¹dit
199 363 282 427 stilic
316 369 362 442 et,
392 361 514 443 rupeas
533 381 588 444 tae:
618 369 669 440 et,¹
690 363 776 424 Recte
795 363 926 424 admones.
973 362 1133 444 Propositis
1149 361 1222 426 enin

138 451 366 534 probatidrdbus,
388 453 476 514 omnis
489 452 519 510 nr
537 450 674 527 reliquum
687 452 777 526 gratia
795 451 1134 530 novitatispraecerpitu'r.
1177 452 1248 512 ln·5
1294 493 1302 512 .

29 563 37 578 *
80 539 221 600 steterim
236 556 303 598 vero
317 535 551 602 etiamsallandus
569 536 723 608 estiuden,
743 536 984 596 etvariisartibns
997 537 1171 610 subermdus‚
1189 543 1223 596 ut
1343 589 1346 598 .

105 629 108 634 ’
138 617 213 684 aliud
226 622 290 698 agi,
311 639 395 700 quam
413 622 491 698 quod
506 621 642 698 petimen,
663 626 750 699 putet.
793 619 869 679 Nam
886 627 1139 701 estnonnunquam
1153 623 1224 682 durs

137 707 310 788 propositio,
330 725 414 784 quem
427 707 525 780 index,
544 706 570 764 si
583 705 728 784 providet,
748 723 806 764 non
819 703 898 766 aliter
911 706 1118 785 praeformidat,
1139 725 1228 784 quam

136 791 185 870 qui
198 792 299 854 sermm
312 791 412 851 medici
425 791 517 870 prius,
538 809 623 868 quam
635 796 762 864 curedn,
786 790 907 870 aspexit:
930 796 959 852 at
970 790 1011 864 si,
1032 810 1065 850 re
1083 809 1140 850 non
1156 798 1223 856 aute
1323 834 1324 840 κ

136 876 296 958 proposita,
322 895 464 950 scaurum,
485 895 519 936 ac
533 875 608 941 nulla
624 876 839 936 denunciatione
855 878 884 935 in
898 895 929 936 se
941 894 1116 950 conuersum,
1137 877 1223 936 intra·

107 1003 110 1010 ·
135 963 173 1020 rit
184 962 293 1034 oratio,
312 959 432 1035 efficlet,
454 961 532 1039 quod
542 961 716 1041 promittenti
732 980 790 1020 non
806 961 972 1025 cocceam
1015 961 1130 1022 interim
1148 963 1248 1022 refu-6
1307 1020 1314 1030 ,

135 1047 239 1126 gienda
259 1063 318 1106 non
337 1047 422 1106 modo
440 1045 580 1106 distinctio
593 1047 783 1124 quaestionum¹
798 1051 857 1120 est,
885 1047 936 1106 sed
951 1046 1063 1106 omnino
1075 1048 1221 1108 tractatio:
1327 1123 1329 1128 Ι

135 1131 281 1196 affectibus
296 1131 516 1212 perturbandus,
538 1134 621 1193 stab
640 1132 795 1210 intentione
815 1132 1120 1210 auferendusfanditor.
1154 1131 1224 1194 Non
1268 1131 1286 1202 ’,
1378 1165 1379 1186 2

135 1217 209 1278 enim
221 1216 310 1276 solum
324 1216 443 1276 oratoris
457 1222 500 1276 est
520 1214 639 1291 docere,
661 1218 712 1276 sed
727 1215 790 1295 plus
803 1213 961 1294 eloquentia
973 1216 1046 1278 circa¹
1055 1219 1222 1278 movendum

134 1301 217 1363 valet
259 1302 313 1362 Cui
326 1301 367 1361 rei
379 1301 519 1360 contraria
539 1308 582 1384 est
595 1303 713 1363 maxime
723 1302 815 1360 tenuis
830 1301 877 1360 illa
898 1307 927 1362 ct
939 1301 1096 1382 scrupulose
1115 1303 1145 1362 iu
1156 1322 1234 1382 par·-

32 1429 38 1440 .
135 1393 179 1447 tes
202 1385 441 1458 sectadivisionis
455 1384 598 1462 diligentia
613 1406 646 1445 eo
659 1392 802 1462 tempore,
831 1407 887 1464 quo
900 1389 1078 1463 cognoscenti
1091 1389 1247 1448 iudicium*
1318 1429 1324 1442 ι

123 1489 266 1532 ,conmnur
282 1471 399 1531 auferre.
444 1469 542 1537 Quid?
568 1471 645 1548 quod
658 1468 785 1542 interim,
813 1489 885 1548 quae
903 1473 959 1550 per'
974 1491 1005 1531 sa
1025 1471 1095 1532 levia
1110 1478 1176 1532 suut
1191 1478 1246 1534 cti

134 1557 260 1630 infirma,
288 1553 371 1614 trnba
390 1553 516 1615 valenti·
547 1556 672 1634 Ideoque
691 1557 947 1634 congerendarum
968 1557 1076 1635 potius,
1099 1563 1132 1616 ct
1145 1556 1221 1616 velut

135 1643 281 1722 emptione
295 1641 492 1724 pugnandum:
514 1643 591 1718 quod
603 1648 697 1701 tamen
709 1661 801 1702 rarum
814 1661 876 1701 esse
887 1642 986 1717 debet,
1007 1648 1084 1704 etex
1101 1643 1222 1702 necessi·

134 1733 193 1787 tate
213 1727 339 1802 demum,
369 1746 431 1786 cnm
450 1725 504 1786 hoc
519 1727 625 1807 ipsum,
648 1728 725 1805 quod
746 1727 878 1788 dissimile
893 1728 993 1788 rationi
1012 1734 1071 1804 est,
1099 1728 1226 1805 coagent-

134 1813 216 1872 ratio.
258 1812 375 1872 Praeter
389 1810 458 1872 haec
474 1811 504 1872 in
521 1813 595 1875 omni
608 1814 757 1894 partitione
770 1821 813 1874 est
831 1813 929 1892 utique
943 1811 1047 1890 aliquid
1060 1813 1251 1892 potentissi-ti,
1369 1843 1373 1848 ·

134 1916 225 1972 mum,
248 1897 324 1976 qnod
338 1898 516 1982 cumpadivit
528 1897 630 1970 iudex,
652 1905 745 1962 cetera
765 1904 899 1976 tanquam
919 1902 1089 1976 supervacua
1110 1899 1219 1976 gravari

134 1983 213 2044 soler.
256 1983 372 2059 ltaque,
401 1981 426 2040 si
446 1982 526 2060 plura
546 1980 590 2042 vel
612 1982 767 2042 obiicienda
786 1989 852 2041 sunt
870 1981 914 2042 rel
928 1982 1074 2056 diruenda,
1098 1993 1127 2042 et
1144 1985 1218 2045 utilis

74 2085 125 2134 aaa
135 2074 164 2130 et
176 2068 296 2136 iucunda
308 2067 421 2146 partitio
435 2073 494 2140 est,
515 2073 566 2140 ut,
578 2068 790 2147 'quodiquaqne
810 2067 847 2125 dc
859 2085 890 2125 re
902 2067 1001 2126 dicturi
1013 2086 1122 2146 sumus,
1143 2069 1219 2128 ordi·

7 2227 9 2232 Ι
133 2172 170 2213 ne
190 2157 340 2232 appareat:
368 2156 415 2224 at,
450 2151 474 2209 si
492 2171 578 2209 unum
600 2152 702 2222 crimen
723 2151 798 2210 varie
817 2151 1012 2226 defendemus,
1040 2161 1219 2233 supervacua:

132 2235 186 2310 Ut,
208 2237 231 2294 si
244 2238 283 2295 ita
294 2232 460 2314 partiamur:
481 2233 590 2308 Dicam,
611 2255 664 2294 oon
678 2236 759 2294 talem
773 2255 828 2294 ecre
841 2235 919 2316 lunc,
940 2253 1013 2314 quero
1028 2241 1116 2312 tueor,
1138 2241 1244 2314 rcum
1339 2293 1342 2300 ,

133 2315 250 2384 utinen
270 2319 392 2379 crediddc
411 2319 499 2380 videri
509 2324 597 2399 possit
617 2320 803 2384 homicidium:
829 2321 933 2395 dicum,
954 2314 1091 2381 occidendi
1110 2342 1219 2384 causam

133 2406 195 2482 laic
206 2427 256 2466 oon
266 2406 370 2486 scisse:
392 2405 496 2482 dicam,
518 2407 588 2465 lunc
600 2425 630 2464 eo
643 2413 768 2486 tenpore,
791 2427 842 2486 quc
857 2407 937 2486 tono·
952 2411 1052 2466 occirm
1065 2413 1121 2483 est,
1144 2414 1220 2469 trans
1280 2425 1285 2484 Q

12 2497 15 2502 ’
123 2513 205 2552 -ouarc
217 2493 324 2572 forise:
346 2493 453 2566 omnia,
483 2512 555 2572 quae
575 2498 641 2556 ante
661 2493 707 2567 id,
728 2495 805 2570 quod
822 2492 947 2552 ultimum
966 2500 1024 2568 est,
1053 2494 1218 2572 exsequeris,

134 2581 227 2640 inania
240 2579 328 2640 videri
348 2569 463 2641 necesse*
476 2585 527 2640 est.
570 2577 698 2637 Festinat
713 2579 786 2636 enim
799 2579 881 2637 iudex
900 2577 938 2636 ad
956 2577 1001 2652 ld,
1022 2579 1097 2654 quod
1116 2584 1261 2656 poten-10

87 2660 91 2666 ’
132 2660 269 2724 tissimum
283 2663 341 2736 est,
362 2669 390 2722 et
397 2654 479 2724 'velut
498 2661 652 2738 obligatum
670 2663 804 2740 promisso
825 2653 988 2738 patronum,
1008 2662 1091 2720 sicet
1107 2662 1218 2743 patien-

133 2749 208 2823 tior,
229 2749 329 2806 tacitus
346 2746 485 2826 appellat;
506 2745 528 2804 si
546 2747 590 2826 vel
603 2752 768 2823 occupatus,
788 2745 832 2806 vel
846 2746 875 2802 in
895 2745 987 2822 aliqua
999 2751 1155 2827 potestate,
1174 2745 1219 2806 vel

134 2833 221 2896 etiam
239 2833 262 2892 si
281 2831 403 2890 moribus
417 2831 626 2910 incompositus,
647 2850 709 2889 curn
721 2830 843 2888 convicio
860 2829 1005 2908 efflagitat.
1047 2831 1147 2911 ltaque
1161 2842 1260 2897 nonu

134 2921 296 2994 defuerunt,
318 2917 365 2994 qui
377 2917 518 2976 Ciceronis
529 2913 604 2976 illam
622 2933 674 2996 pro
691 2913 822 2976 Cluentio
832 2916 1009 2995 partitionem
1021 2916 1218 2996 improbarent,
1270 2939 1289 2956 ··

87 3021 90 3029 ⁴
134 3025 231 3084 quase
246 3005 382 3064 dicturum
397 3002 593 3082 essepromisit
611 3002 745 3080 primum,
766 3003 889 3060 nemiuem
902 3001 1219 3078 maiembuccrimiaitue,
1323 3003 1327 3010 '

167 3082 303 3150 carioribus
323 3088 448 3162 testibus,
470 3091 500 3146 in
512 3086 644 3147 iudicium
660 3093 797 3161 vocatum,
819 3105 897 3166 quum
917 3085 1111 3166 Oppianicum
1137 3090 1220 3149 dein·
1318 3087 1324 3097 ’

129 3199 134 3206 “
155 3195 187 3250 e,
204 3172 375 3254 pastoricia
394 3193 448 3233 esse
460 3173 546 3255 fucta
570 3174 604 3234 cb
624 3175 693 3254 apsis
713 3169 861 3247 indiculus,
879 3193 903 3249 'a
919 3173 1016 3253 quibus
1032 3173 1220 3234 rotumnam

133 3329 342 3352 ‘nnn-*¹⁸—

130 3483 136 3496 ,
204 3435 221 3500 s
234 3429 261 3485 4.
278 3431 371 3502 gratio
382 3429 510 3484 maram
519 3428 716 3498 praecepitur]
741 3425 908 3483 Sluthouwer
921 3425 980 3480 Act.
992 3423 1088 3478 societ
1100 3421 1217 3478 Traiect.
1266 3423 1270 3442 ’

135 3501 185 3558 lll.
200 3519 226 3592 p
245 3503 305 3558 tar.
317 3499 375 3554 nt
399 3511 550 3567 expressum
568 3505 645 3566 putat
662 3495 828 3550 Pindaricum
849 3495 943 3564 δρέπει
958 3493 990 3550 di
1007 3492 1136 3560 κορυφὰς
1154 3490 1220 3560 ripr-

135 3573 188 3636 πᾶα
202 3591 258 3628 uec
271 3571 384 3626 πᾶσανε
401 3567 468 3622 idern
481 3565 634 3690 compplriv.
648 3567 670 3630 l,
687 3568 729 3622 ³6.
744 3566 1001 3634 pramerptenr'ciee
1021 3567 1061 3618 rai
1080 3565 1219 3620 laetitiam.
1252 3581 1255 3586 ·
1316 3629 1322 3638 ,

102 3643 107 3654 ’
134 3676 138 3690 ·
271 3679 278 3694 .
315 3639 479 3693 recinentia
513 3653 537 3688 c.
570 3673 577 3688 .
1097 3679 1101 3694 ,
1207 3661 1211 3672 ·
1248 3685 1252 3695 ,

86 3743 89 3750 .
130 3759 134 3766 .
153 3741 156 3750 ·
205 3643 339 3776 {lllhpab
361 3709 423 3776 ipsis
444 3636 588 3774 iudicitur]
613 3703 742 3757 Comum
759 3701 824 3756 haec
841 3701 919 3756 lectio
940 3717 983 3784 ap.
995 3691 1148 3756 Ciceronem
1166 3702 1184 3756 l.
1200 3701 1218 3756 l.

130 3777 299 3843 ¹Quintiliano
315 3777 390 3834 reddi
410 3783 524 3848 poterat*
535 3781 563 3828 et
581 3774 707 3833 debebat,
725 3771 872 3841 expellique
882 3772 918 3824 iia
928 3776 986 3842 post
1002 3771 1220 3842 praepositionem

137 3849 216 3918 (ante
228 3847 366 3916 ipsisppro
377 3863 431 3916 qao
445 3845 537 3914 Stapi.
552 3842 636 3896 Colin.
649 3841 742 3896 Vidua„
756 3843 852 3896 urbem
861 3841 922 3904 luis,
939 3859 997 3896 cum
1012 3842 1220 3898 nentro'demon·

138 3915 250 3972 stratico
270 3915 417 3984 pronomine
434 3931 498 3984 opus
518 3921 596 3967 essct.
632 3909 715 3965 codd.
735 3909 939 3965 aimei-'lusio
957 3912 1092 3978 etcmup.
1113 3914 1220 3962 tuentur

130 4014 134 4042 l
156 3983 352 4049 reddidimus,
370 3983 536 4040 dlsecntiente
551 3985 570 4038 S
591 3981 615 4036 al
633 4011 643 4038 1.
657 3982 701 4051 qui
712 3982 747 4034 ab
758 3981 792 4034 iis
803 3982 852 4050 ips.
867 3977 1046 4048 interecepit.
1077 3974 1139 4030 Noa
1153 3975 1220 4032 enirn

133 4004 256 4112 Laerta
271 4053 383 4108 iudicum
417 4061 498 4108 artem
515 4002 643 4122 intelligi,
666 4051 739 4106 euius
754 4049 886 4104 amantia
897 4049 1078 4102 coadunatus
1091 4046 1142 4111 sit,
1161 4063 1220 4101 cun

139 4123 230 4191 Quint.
246 4139 292 4189 ea,
310 4138 378 4195 qnae
415 4121 485 4176 'cero
500 4120 618 4186 addidit,
634 4126 664 4176 al
676 4137 729 4174 aaa
744 4119 822 4174 modu
836 4119 869 4174 ut
883 4117 993 4190 iisdem,
1014 4115 1060 4174 ml
1072 4133 1105 4172 ae
1115 4117 1149 4172 eli
1159 4117 1222 4186 etih
