2774 4444
135 217 199 281 raa
298 168 319 206 ³
426 212 470 272 u.
494 211 589 272 suu.
612 205 929 280 antummum
951 182 964 254 ’.
994 213 996 218 ’
1030 281 1036 290 ἱ

135 351 399 444 uisiunorQente,
422 349 579 444 nonposse.
607 363 682 424 Nam
695 363 742 440 qui
755 363 791 421 de
804 379 836 422 re
847 347 953 422 nefaria
965 361 1113 436 deliberat,
1134 362 1223 422 idso-
1368 353 1369 426 i

135 456 193 514 lum
207 452 332 530 quaerit,
354 461 410 528 quo
423 453 507 509 modo
520 468 602 527 quarn
615 445 758 508 minimum
772 466 886 524 peccare
898 449 1033 510 rideatur.

84 539 128 599 -48
221 533 341 596 Multum
360 538 445 596 refert
463 537 564 607 etium,
586 553 658 610 quae
676 535 711 592 sit
730 530 850 610 persona
862 533 1015 592 suadentis:
1037 533 1227 609 quia,.ante1

83 649 88 656 ·
136 630 199 684 acta
211 624 270 681 vita
284 623 307 678 si
321 621 432 680 illustris
443 622 504 692 tuit,
517 626 566 678 aut
580 619 677 678 clarius
692 637 780 694 genus
794 623 843 676 aut
858 625 935 676 aetas
949 623 998 676 aut
1013 620 1125 676 fortuma
1138 617 1222 677 affert

65 733 69 742 ³
136 707 384 786 exspectationem,
405 705 606 784 pro'videndrun
627 710 684 778 est,
705 722 758 774 ne,
780 721 851 778 quae
871 701 1015 776 dicuntur,
1037 703 1074 760 ab
1097 721 1150 775 eo,
1173 703 1223 778 qui

136 795 221 866 dicit,
243 793 417 854 dissentiant.
451 790 498 850 *At
516 791 558 848 his
576 789 715 852 contraria
727 787 939 847 summissiorem
953 789 1093 869 quendam
1108 787 1223 848 modum
1301 809 1308 820 ¹

135 879 285 956 postulant.
327 876 402 936 Nam
422 876 538 953 quaein
558 874 618 932 aliis
637 875 747 933 libertas
767 878 828 946 est,
850 873 953 932 broliis
968 873 1078 931 licentio
1093 878 1223 945 vocatnr3

121 959 124 965 ’
137 970 166 1024 et
178 963 341 1040 quibusdam
351 961 453 1020 sufficit
465 963 629 1029 auctoriam
650 960 784 1036 quosdam
797 962 870 1018 ratio
883 959 944 1036 ipse
955 976 1043 1035 aegre
1054 963 1156 1016 tuetur.

94 1051 128 1110 49
219 1047 343 1123 Ideoque
360 1047 446 1121 longe
464 1047 531 1104 mihi
550 1044 726 1104 difficillimae
740 1043 869 1101 videntur
876 1043 1094 1121 prosopopoeiae,
1115 1043 1146 1100 in
1159 1043 1220 1119 qui-

135 1135 186 1193 bus
198 1134 234 1192 ad
248 1132 382 1208 reliquum
396 1133 536 1189 suasoriae
554 1128 678 1187 laborem
695 1129 800 1187 aceedit
815 1129 900 1186 etiam
914 1131 1049 1207 personae
1063 1126 1219 1187 difficultas.
1368 1181 1369 1206 ,

134 1218 264 1294 Namque
284 1219 359 1276 idem
378 1216 444 1274 illud
465 1214 544 1272 aliter
565 1214 678 1286 Caesar,
701 1214 781 1272 aliter
795 1212 899 1286 Cicero,
923 1214 1004 1274 aliter
1018 1214 1087 1273 Cato
1104 1214 1220 1274 suadere
1273 1239 1282 1248 ·
1368 1223 1369 1244 ¹

136 1304 256 1362 debebit
299 1301 453 1360 Utilissima
465 1319 531 1358 vero
545 1300 613 1358 baec
628 1299 803 1371 exercitatio,
825 1299 868 1357 vel
880 1301 957 1374 quod
969 1299 1083 1377 duplicis
1095 1304 1138 1357 est
1152 1317 1221 1377 ope-

135 1389 189 1460 ris,
211 1387 254 1445 vel
273 1388 350 1462 quod
369 1386 461 1464 poetis
480 1405 592 1462 quoque
604 1391 653 1442 aut
667 1385 843 1450 historiarum
854 1385 951 1444 sutruis
967 1383 1145 1463 scriptoribus
1157 1382 1220 1462 piu-

93 1475 233 1540 5orimum
246 1473 361 1530 confert.
406 1471 505 1530 Verum
526 1477 556 1530 et
573 1471 727 1534 oratoribus
745 1470 909 1528 necessaria.
951 1469 1027 1530 Nam
1040 1474 1104 1528 sunt
1116 1468 1221 1529 multae

136 1578 153 1616 a
167 1558 281 1616 Graecis
293 1555 457 1633 Latinisque
470 1557 639 1634 compositae
653 1557 809 1628 orationes,
830 1555 928 1630 quibus
942 1555 988 1613 alii
1001 1547 1162 1628 uterentur,
1182 1555 1221 1613 ad

137 1663 252 1722 quorum
272 1643 459 1700 conditionem
479 1642 619 1718 vitamque
637 1641 774 1722 aptanda,
802 1659 874 1716 quae
896 1635 1074 1716 dicebantur,
1099 1640 1232 1704 suerunt,

135 1729 180 1786 An
194 1728 293 1786 eodem
305 1729 388 1794 modo
402 1727 548 1802 cogitavit,
566 1730 615 1784 aut
627 1727 744 1783 eandem
754 1744 903 1802 personam
915 1727 1008 1784 induit
1020 1725 1137 1797 Cicero,
1159 1743 1221 1784 cum

136 1813 266 1872 scriberet
280 1811 333 1870 Cu.
347 1810 496 1889 Pompeio,
519 1816 548 1868 et
566 1829 628 1868 eum
644 1809 680 1868 T.
693 1809 811 1888 Ampio,
834 1812 978 1881 ceterisre;
1000 1828 1033 1868 ac
1051 1806 1110 1870 u'ou
1127 1810 1221 1868 nnius-

137 1897 268 1972 euiusque
282 1915 377 1956 eomm
389 1897 545 1968 fortunam,
568 1895 749 1970 dignitatem,
771 1915 815 1954 res
829 1902 922 1971 gestas
935 1897 1067 1968 intuitus,
1089 1897 1220 1970 omnium,
1229 1912 1279 1959 aas
1368 1901 1369 1924 ¹

44 2021 52 2030 -
138 1982 237 2062 quibus
255 2000 351 2058 vocem
369 1981 470 2053 dabat,
493 1981 576 2040 etiam
596 1981 746 2056 imaginem
764 1980 929 2059 expressit‘i.
941 1991 972 2039 ut
984 1981 1080 2040 meiius
1095 1983 1218 2058 quidem,

95 2063 127 2126 51
139 2069 190 2128 sed
209 2073 303 2126 tamen
322 2059 390 2144 ipsi,
413 2067 505 2126 dicere
523 2067 693 2126 viderentur,
732 2065 835 2142 Neque
855 2068 936 2125 euim
949 2067 1156 2126 munerarius
1177 2073 1221 2126 est

137 2154 240 2225 oratio,
262 2153 287 2210 si
305 2153 341 2212 ab
355 2153 479 2226 homine,
501 2171 584 2228 quam
598 2151 621 2209 si
634 2171 652 2210 a
664 2171 711 2224 re,
733 2153 777 2211 cui
791 2152 995 2210 accommodari
1006 2151 1118 2226 debuit,
1139 2152 1221 2211 dissi-

18 2241 23 2252 '
133 2221 198 2298 det:
220 2238 341 2313 ideoque
353 2236 453 2312 Lysias
476 2239 581 2315 optime
599 2237 709 2296 videtur
729 2237 759 2296 in
779 2239 829 2310 iis,
857 2255 929 2314 quae
941 2237 1079 2297 scribebat
1089 2237 1220 2310 indoctis,

137 2340 260 2382 servasse
277 2323 402 2380 veritatis
414 2323 506 2380 fidem.
549 2320 698 2387 Enimuero
715 2324 863 2400 praecipue
879 2321 1111 2382 declamatoribus
1129 2323 1220 2381 consi·

137 2406 292 2466 derandum
302 2412 360 2478 est,
378 2405 447 2480 quid
456 2407 556 2481 cuique
568 2424 704 2481 personae
718 2405 883 2466 conveniat?
905 2407 953 2483 qui
964 2403 1145 2486 paucissimas
1154 2427 1220 2466 oon-

135 2490 340 2556 trouersias,ita
356 2491 466 2562 dicunt,
489 2496 520 2548 ut
538 2491 680 2564 aduocati,
706 2491 868 2568 plerumque
887 2492 953 2570 filii,
977 2499 1088 2570 potres,
1111 2494 1220 2568 divites,

137 2595 232 2649 senes,
255 2575 361 2654 asperi,
383 2574 474 2650 lenes,
495 2575 587 2650 avari,
609 2577 729 2651 denique
742 2577 937 2654 superstitiosi,
958 2579 1064 2653 timidi,
1085 2569 1219 2638 derisores

98 2653 103 2665 ¹
137 2661 222 2732 fiunt,
245 2667 276 2718 ut
294 2663 338 2718 vix
356 2661 559 2720 comoediarum
576 2661 715 2722 actoribus
734 2663 827 2740 plures
846 2662 955 2746 habitus
969 2664 998 2722 in
1012 2665 1219 2742 pronunciando

90 2755 130 2810 ,52
140 2747 311 2823 concipiendi
322 2746 393 2819 sint,
415 2765 499 2825 quam
516 2745 558 2804 his
577 2746 606 2803 in
619 2747 746 2806 diceudo.
790 2748 871 2816 Quae
889 2750 981 2808 omnia
997 2749 1085 2810 videri
1102 2751 1220 2829 possunt

136 2834 337 2907 prosopopoeiae
341 2852 352 2901 ;
374 2851 443 2908 quas
457 2852 510 2908 ego
521 2832 651 2891 suasoriis
667 2833 778 2906 subieci,
791 2835 856 2909 quia
869 2833 943 2892 nullo
954 2833 1008 2892 alio
1020 2835 1057 2892 ab
1069 2835 1120 2908 his,
1135 2853 1219 2912 quum

136 2933 254 2998 persona
261 2957 271 2988 ,
292 2916 404 2975 distant.
448 2917 615 2993 Quanquam
633 2917 701 2976 haec
712 2917 861 2994 aliquando
878 2920 962 2978 etiarn
977 2920 1007 2978 in
1020 2921 1218 2980 controversias
1368 2991 1369 2998 ἵ

138 2999 262 3071 ducitur,
291 3019 363 3076 quae
387 3020 420 3060 ex
445 3002 564 3060 historiis
582 3002 767 3080 compositae,
795 3005 877 3062 certis
902 3006 1045 3080 egentium
1062 3006 1218 3066 nominibus
1368 3023 1369 3102 p

93 3093 130 3148 ’53
139 3084 323 3144 continentur.
365 3083 466 3160 Neque
479 3087 594 3163 ignoro,
613 3087 776 3164 plerumque
787 3089 988 3148 exercitationis
1000 3083 1092 3166 pratia
1106 3091 1174 3170 poni
1189 3097 1219 3150 et

137 3168 260 3248 potticas
272 3175 302 3228 et
314 3168 471 3244 historicam
492 3177 523 3230 ut
534 3169 641 3230 Pn'uud
652 3171 732 3231 uerba
743 3174 819 3250 apud
832 3171 980 3249 Achillem,
1000 3181 1049 3234 aut
1064 3174 1163 3236 Saitae
1173 3175 1218 3236 ds·
1368 3161 1369 3238 i

135 3259 269 3314 ctatruam
283 3253 433 3332 deponentis
453 3257 637 3318 inconcione.
680 3257 740 3318 Sed
756 3257 825 3322 haec
842 3260 998 3338 inpertem
1019 3261 1121 3322 cedent
1134 3262 1218 3322 trium

136 3359 281 3415 geneum
302 3340 332 3416 in
349 3359 421 3417 quae
440 3361 535 3402 causas
555 3343 702 3404 divisimus.
747 3343 823 3402 Nam
838 3351 868 3404 et
876 3363 992 3422 rogare,
1013 3344 1151 3421 iudicare,
1171 3365 1218 3405 ra-
1368 3367 1369 3418 3

134 3425 240 3484 tionem
253 3425 384 3498 reddere,
408 3425 518 3500 etalio,
543 3427 696 3504 dequibus
715 3447 798 3506 supra
817 3430 920 3490 dictum
939 3437 997 3503 est,
1017 3431 1108 3507 varie,
1130 3438 1275 3509 atqnesss
1368 3421 1369 3494 i

135 3513 166 3566 nt
183 3527 226 3570 res
244 3510 318 3583 vuit,
347 3513 377 3570 in
393 3514 507 3572 materia
524 3511 665 3587 iudiciali,
689 3513 878 3589 deliberativa,
898 3515 1122 3592 demonstrativo,
1144 3518 1216 3577 soie·

18 3659 21 3664 ι
93 3602 204 3660 54mus.
245 3593 557 3672 Frequentissimevero
570 3597 600 3655 in
613 3599 655 3657 his
668 3601 771 3660 utimur
785 3599 849 3658 ficta
862 3621 1059 3682 personarum,
1081 3621 1150 3679 qnas
1163 3601 1216 3682 ipsi
1368 3645 1369 3664 ι

135 3675 340 3754 substituimus,
363 3683 501 3778 oratione:
530 3689 578 3758 ut,
601 3685 677 3765 apud
694 3685 857 3746 Ciceronem
873 3705 926 3766 pro
943 3685 1056 3760 Coelio,
1077 3687 1215 3762 Cloeliam,

1368 4209 1369 4244 i

1368 4245 1369 4290 i

83 3923 95 3942 ·
199 3916 216 3978 5
231 3911 274 3968 54,
294 3914 457 3982 Ciceronem]
482 3931 529 3983 pro
544 3915 634 3969 Coelio
646 3935 668 3970 c.
681 3915 723 3974 14.
740 3927 766 3972 et
782 3919 823 3972 15.
837 3917 906 3972 uude
918 3923 935 3988 S
949 3921 1065 3978 as-sxu.
1078 3924 1139 3976 birse
1153 3889 1216 3980 tius

132 3982 290 4038 conditiones
306 3983 421 4052 quotidie
435 3985 524 4051 legas,
541 3991 666 4052 apparet,
689 3993 717 4038 et
731 3986 835 4040 Codicis
850 3988 939 4042 ioaou.
954 3989 1089 4044 lectionem
1099 4009 1216 4046 monem

131 4063 179 4114 pro
195 4056 337 4130 ceterorum
352 4049 422 4104 iibrr.
437 4049 495 4107 lect·
510 4069 609 4112 morum
625 4054 659 4108 ab
674 4056 818 4112 editoribus
838 4065 913 4114 recte
927 4075 987 4116 we
1008 4066 1158 4130 mopiam,
1185 4067 1215 4116 et

131 4129 198 4182 quae
211 4123 247 4170 srt
258 4119 372 4174 bassatio
385 4135 508 4190 amorum.
