2776 4446
400 213 402 226 ·
467 168 914 290 V'cutnnrauro.
1012 288 1015 296 Ι

287 349 441 416 Appositum
457 349 552 420 nigros
571 351 659 404 lunoni
676 351 788 405 subterit
804 352 903 404 olntss.
1002 399 1005 407 ,
1032 385 1034 392 -

287 419 361 471 Felix
378 427 597 490 centurpennis,
615 422 743 474 meristae
760 427 785 474 et
803 422 939 476 ioouletor.

285 488 322 540 iit
338 489 361 539 ai
375 490 514 556 perfrixit,
533 497 623 542 castet
641 490 719 542 bene.-
737 489 821 560 dietat
836 491 919 552 anim,
939 505 1006 560 qnae

284 555 378 608 Sidera
397 557 421 608 ie
439 559 567 626 excipiant
584 559 659 612 modo
672 559 771 628 primos
787 558 950 626 incipientem
1087 563 1091 570 '

226 631 230 640 ’
285 625 371 676 Edere
388 628 494 696 nogiius
511 635 537 681 et
552 629 639 682 odino
657 646 675 680 o
692 635 776 679 matre
790 628 932 681 rubentem.

233 729 235 737 ,
285 693 317 744 Si
335 693 452 747 Fortuna
468 696 552 760 volet,
568 699 621 764 fies
639 697 791 750 desistore
808 698 909 748 consui:
1039 757 1042 765 ι

284 763 314 813 Si
330 765 399 827 volet
416 766 481 818 baec
498 767 606 830 codem
617 770 669 836 fles
687 767 720 818 de
736 767 837 818 comate
854 766 951 824 rlnetor.

117 850 196 912 licat
229 855 331 910 sutem
360 851 392 912 ln
405 877 409 886 ·
422 873 461 914 eo
490 859 613 932 praeter
648 857 769 915 caetera
806 855 884 916 adeo
919 856 1077 933 expromts
1108 852 1273 933 fidelisque

114 935 279 1019 memoris,
314 943 349 996 ut
376 956 454 1016 quae
482 957 520 998 cu
549 945 687 1017 tempore
720 937 890 1016 aliquando·
911 939 1054 1010 dixisset,
1083 939 1122 999 sd
1147 940 1272 1000 verbum

117 1022 210 1083 etism
230 1021 362 1099 repetita
382 1021 544 1083 redderet:
562 1023 648 1084 cuias
665 1023 711 1082 rei
730 1024 908 1102 saepissime
929 1023 1098 1104 periculum
1119 1023 1211 1104 iecit,
1243 1023 1273 1086 si

116 1106 236 1186 qrsando
268 1105 456 1168 interventus
484 1108 669 1188 aliquorum,
702 1108 754 1186 qui
771 1108 860 1170 inuno
888 1109 1036 1170 honorem
1072 1115 1272 1183 morerentur,

114 1192 228 1254 iterare
258 1189 484 1252 declamationis
514 1198 631 1273 psrtem
664 1192 816 1270 coegisset
840 1189 898 1278 1⁷).
948 1192 1113 1271 Postquam
1140 1211 1210 1252 varo
1238 1194 1271 1254 lu

114 1274 293 1337 erudiendis
322 1275 478 1336 iuvenibus
506 1279 613 1358 viginti
640 1295 733 1338 annos
755 1284 838 1338 tanta
864 1297 919 1338 sus
940 1278 1038 1356 gloria·
1058 1283 1202 1355 ιιιιιιιιιιι
1221 1277 1271 1339 iu·-

114 1359 245 1420 sentntis
275 1358 429 1422 Romanae
456 1363 586 1422 utilitstc
615 1361 734 1441 posuit,
761 1369 796 1422 ut
816 1363 853 1423 ab
875 1362 1119 1442 ingeniosissimo
1146 1361 1270 1423 Latino-

114 1465 182 1506 rum
212 1444 461 1523 epigrammatum
491 1449 582 1528 poita
596 1445 637 1528 18)
664 1454 698 1508 et
719 1465 812 1526 vagae
833 1448 997 1510 iuventutis
1018 1447 1207 1518 moderator,
1237 1453 1270 1508 et

114 1528 268 1592 Romanae
291 1535 382 1608 togae
403 1530 498 1610 gloria
519 1551 591 1594 vere
613 1533 760 1594 meruerit
781 1533 943 1612 appellari:
965 1533 1057 1594 ctiam
1080 1531 1163 1592 hunc
1183 1531 1270 1598 isbo-‚

112 1634 179 1679 rem
201 1616 382 1694 deprecatus
405 1617 512 1676 studiis
534 1618 694 1696 aliquando
717 1617 779 1676 suis
806 1619 939 1695 quietem
961 1613 1147 1694 impetravit:
1176 1623 1269 1694 atque

57 1737 58 1740 =
92 1708 147 1762 ,ιιι
171 1717 230 1760 ιιοιι
261 1698 357 1758 solum
386 1701 496 1761 aetstis
524 1719 598 1762 snae
627 1701 816 1773 hominibus,
844 1701 900 1762 scd
930 1707 962 1762 et
988 1700 1120 1780 posteris
1145 1699 1268 1777 'quoqne

49 1809 52 1814 ¹
112 1783 301 1860 consuleret,
331 1789 427 1844 tolum
449 1785 523 1844 illud
546 1786 643 1854 otium
663 1784 701 1845 ad
723 1785 778 1845 hos
801 1786 840 1846 de
862 1785 993 1847 oratoria
1013 1784 1205 1846 institutione
1227 1783 1268 1848 ll-

112 1869 185 1932 toros
206 1869 430 1946 componendos
451 1869 678 1950 transtulit¹⁹):
706 1889 833 1948 qnorum
854 1889 922 1931 eum
945 1870 1069 1934 tertium
1089 1869 1150 1932 ism
1171 1868 1267 1946 massi·

111 1953 169 2014 bus
192 1952 331 2013 uolumen
352 1953 490 2030 liaberet,
512 1951 700 2014 Domitianus
716 1955 871 2033 ringentes
884 1975 987 2016 curam
1005 1954 1050 2014 illi
1066 1955 1178 2015 sororis
1191 1972 1267 2014 suae

13 2101 23 2112 ,
111 2043 254 2120 nepotum
278 2033 492 2122 delegarim).
534 2039 671 2100 Uxorem
687 2039 832 2120 praetorii
851 2039 906 2100 riri
926 2040 1038 2115 liliam,
1059 2057 1165 2100 omues
1187 2057 1265 2118 quse

179 2228 227 2294 17)
244 2225 311 2278 Sunt
326 2225 391 2278 liaeo
405 2225 487 2295 ipsius
500 2227 589 2291 Quint
601 2227 682 2281 verba
697 2226 745 2294 xi,
761 2227 787 2295 Ω,
800 2227 843 2284 39.

179 2295 226 2360 te)
245 2292 304 2344 Vid.
320 2311 401 2362 supra
415 2303 468 2346 not.
486 2313 512 2347 n.
530 2295 571 2351 14.
589 2303 658 2351 extr.

152 2407 156 2419 ‚
178 2362 225 2430 19)
243 2362 303 2414 Vid.
323 2360 435 2423 Quintil.
453 2363 540 2433 Epist
562 2363 595 2416 ad
615 2364 782 2433 Tryphonem
800 2364 986 2434 Bibliopolum‚
1011 2363 1058 2419 ubi
1071 2361 1191 2433 sc-paulo
1205 2360 1262 2432 plus

108 2446 185 2502 quana
200 2430 329 2484 biennium
345 2431 419 2499 (unu.
431 2434 474 2488 92.
487 2440 514 2484 at
524 2433 568 2488 93.
582 2449 606 2502 p.
621 2432 670 2485 Cb.
684 2432 724 2500 n.)
743 2432 809 2485 dicit
828 2433 1021 2488 Institutionum
1033 2441 1113 2488 orstt.
1128 2431 1200 2500 operi
1214 2431 1261 2484 iur—

107 2499 238 2571 peudisse.
272 2499 313 2552 Ds
331 2499 413 2552 totius
433 2499 509 2553 buius
529 2503 616 2572 operis
637 2501 808 2564 Quinctilianei
831 2500 910 2555 titulo
935 2505 1046 2557 nondum
1066 2499 1207 2584 mmpositn
1228 2498 1262 2552 lis

106 2577 161 2627 cst.
214 2567 310 2620 uamvis
333 2568 439 2636 copiose
461 2569 603 2640 disputarit
620 2570 711 2624 Barth.
733 2572 842 2624 Advors.
863 2573 898 2634 ll,
914 2573 955 2626 17.
973 2579 1000 2626 ct
1017 2571 1107 2641 Spald.
1128 2587 1154 2624 ιιι
1173 2567 1260 2624 Praei·

106 2653 133 2708 p.
150 2636 200 2690 xx
224 2637 262 2690 lli
270 2665 300 2676 -
310 2637 407 2691 XXXI.
426 2638 546 2693 docuerit
558 2640 585 2693 in
608 2639 747 2692 codicibus
768 2640 833 2693 Mss.
856 2648 886 2694 ut
898 2640 923 2692 iu
936 2641 1007 2694 calos
1018 2635 1221 2706 Gudierbytaui
1233 2641 1262 2690 et

143 2745 150 2762 .
166 2707 319 2760 Baudiniuur
331 2707 399 2762 Bibl.
412 2707 490 2762 baur.
505 2709 540 2762 Τ.
552 2709 587 2772 ll,
600 2727 628 2779 p.
639 2710 769 2765 eet-85.
795 2710 971 2762 institutiones
986 2710 1054 2780 legi,
1076 2718 1106 2760 ut
1123 2708 1154 2758 iu
1172 2703 1260 2785 multis

140 2777 182 2829 ‘te
198 2783 260 2830 snts
270 2777 422 2832 Gibsonuns.
438 2778 515 2832 Hune
531 2778 645 2832 edidisse
667 2780 707 2832 lie
723 2779 886 2832 institutiones
898 2777 1088 2832 ormoriotlibri
1104 2775 1165 2830 ΧΠ.
1187 2771 1259 2853 Alias

105 2861 203 2914 susque
222 2845 409 2898 robustissimas
435 2847 496 2900 edd.
516 2865 606 2902 osrers
624 2847 708 2901 solere
727 2847 905 2919 inscriptions.
936 2847 1132 2908 Iensouianarn,
1153 2843 1259 2896 Tarsus·

105 2912 237 2967 Locutio
251 2912 384 2982 prioribus
396 2914 470 2966 libris
484 2917 581 2971 habers
596 2917 629 2968 da
641 2917 819 2980 irrititutioss,
834 2918 863 2969 in
875 2917 927 2968 flua
935 2914 1110 2968 Tarvisisnue
1124 2918 1154 2962 ct
1167 2911 1259 2964 horst.

133 2982 230 3035 uralem
248 2980 320 3064 poni.
355 2981 498 3064 Sinpduris
512 2985 592 3036 habet
606 2989 717 3036 tutorem
728 2984 912 3051 Hieronymum
927 2981 955 3032 in
965 2981 1052 3034 Prsei.
1066 2979 1094 3030 in
1107 2974 1259 3057 Abdiammt

147 3067 189 3134 usp
204 3049 390 3134 §similimum
406 3066 434 3134 tn
455 3050 575 3120 Epistola
592 3049 626 3102 ad
643 3051 746 3134 'lerpln
758 3065 843 3132 nsque
861 3055 963 3129 potest,
980 3047 1083 3131 stiamti
1102 3060 1154 3126 uoq
1174 3048 1257 3101 tonos

103 3119 573 3256 cciv
583 3123 1033 3254 pescenniani,
1050 3113 1258 3266 inune

101 3257 248 3311 stitsniosoe
254 3255 387 3324 Divisae),
402 3255 515 3309 Vitrurii
527 3256 720 3324 (imbutione
726 3255 968 3323 Amisitsotonieoe).
981 3254 1015 3308 oi.
1025 3256 1182 3310 euasurum
1195 3260 1257 3306 uota

36 3353 38 3362 ι
102 3326 129 3378 iu
139 3324 301 3379 Luctantium
316 3341 377 3393 psg.
390 3329 415 3379 1.
428 3324 533 3392 pluralis
545 3341 619 3380 usu·
637 3327 703 3380 satis
714 3325 890 3385 deiendeuu‘s,
914 3341 990 3394 quem
1004 3330 1110 3380 acutus
1124 3330 1166 3378 est
1176 3321 1255 3374 Frui·

102 3396 180 3448 scbar
194 3394 222 3446 iu
234 3393 277 3448 ed.
293 3391 385 3446 decimi
398 3392 457 3446 libri
472 3393 535 3446 inst.
549 3393 641 3457 Quint
653 3395 727 3465 luipo.
743 3397 818 3452 1826.
851 3393 918 3449 illibi
931 3393 1032 3462 quidem
1045 3394 1150 3448 ridetur
1163 3389 1254 3456 tutius,

102 3461 143 3516 uti
154 3463 277 3532 singulari
293 3464 325 3514 de
333 3462 497 3516 institutione
511 3464 553 3518 vel
563 3463 732 3518 institutionis
743 3473 808 3518 orat.
821 3465 914 3517 librom
927 3463 1025 3528 dicero,
1039 3479 1096 3518 oum
1108 3460 1255 3514 instintio-

101 3547 148 3583 nes
161 3538 240 3582 oron.
255 3547 304 3583 non
319 3531 466 3585 necessario
482 3533 567 3588 omnia
584 3549 639 3587 eom
659 3533 785 3599 lectatur,
803 3550 870 3604 quse
883 3533 916 3586 ad
928 3524 1113 3586 initituendnm
1125 3536 1253 3582 oratorem

102 3598 249 3669 pertinent,
269 3599 314 3653 sed
327 3600 404 3655 varis
416 3600 473 3654 eius
508 3601 601 3658 enoris.
636 3551 667 3656 lu
683 3603 849 3658 lmtitntioso
861 3621 898 3656 or.
913 3619 977 3656 vero
991 3600 1075 3666 omnis
1089 3598 1173 3651 iussss
1192 3595 1255 3650 near

101 3673 263 3738 suspectum.
298 3669 408 3721 Accedit
416 3670 588 3738 'genitivorum
603 3689 750 3735 concursus,
766 3689 843 3742 quem
855 3689 912 3725 cun
923 3676 1071 3724 stmotrnss
1082 3665 1253 3732 ambiguitate

55 3743 58 3750 '
101 3739 238 3792 verborum
256 3737 413 3802 Quintiliani
431 3739 603 3795 imitationis
618 3741 661 3809 (ut
672 3742 732 3810 qui
746 3742 918 3812 Dissiplisoe)
936 3739 1021 3794 ritant
1034 3736 1080 3807 qui
1091 3735 1125 3788 ule
1143 3732 1252 3786 institn-

28 3837 33 3842 ·
100 3808 170 3861 tione
183 3824 221 3859 or.
235 3807 360 3860 scribunt.

126 3944 133 3960 .
169 3877 218 3960 Ξῼ)
236 3876 387 3947 Scripserst
408 3877 498 3943 Quint.
520 3884 574 3933 tres
597 3878 699 3964 priores
719 3879 816 3943 libros,
840 3841 934 3962 ciuibus
950 3879 1022 3930 serta
1037 3889 1084 3928 suo
1095 3877 1123 3926 et
1133 3869 1252 3956 Marcelli

101 3944 216 4029 Vsotorrp
235 3945 284 4012 (ds
298 3963 355 4030 quo
363 3943 483 4001 Dodwell
500 3949 591 4002 Annal.
605 3951 697 4013 Quint.
710 3953 726 4016 s
740 3949 797 4016 ii.)
814 3947 868 4030 stirp
891 3944 1033 4028 prodessst.
1060 3942 1142 4028 §pror
1161 3941 1250 3996 Donu-

99 4011 165 4066 tiaul
177 4013 388 4098 iurtDomrtrda,
406 4032 473 4088 quae
485 4017 575 4086 (Saos.
585 4020 665 4088 Vesp.
679 4037 702 4072 c.
717 4018 757 4086 ³.)
775 4023 836 4071 snts
852 4014 1140 4099 superimposuerunt
1151 4017 1251 4092 mortua

100 4086 150 4137 ιιι.
183 4083 269 4138 Ηιιιιιι
285 4083 339 4142 tilia
358 4083 490 4142 Domidlls
501 4086 641 4144 (llsrusutis
653 4087 680 4144 iu
693 4086 854 4144 matrimonio
871 4086 938 4150 tut,
957 4099 1030 4138 ouius
1043 4083 1111 4140 finos
1122 4081 1248 4136 nomos·
