2788 4452
281 169 289 186 r
366 177 997 319 v1Ns'r.voalT01oL1·a.1,'10.
1213 209 1255 290 53

166 383 329 460 oderade,
356 397 513 460 proretam
530 377 632 451 modo,
653 377 815 454 adhibetur,
835 379 906 441 sicut
929 381 958 440 iu
974 379 1084 444 musice.
1110 376 1299 457 ·Namquetl

40 491 46 504 ⁸
140 527 143 532 ,
172 475 201 528 et
219 487 288 526 voee
306 473 336 526 et
356 464 546 524 modulatione
566 463 694 538 grandia-
706 463 797 535 elate,
823 465 941 529 iucunda
958 466 1091 539 drdciter,
1111 466 1264 550 moderata⁸

59 551 63 558 '
170 553 269 614 lerdter
287 552 377 610 canit:
404 555 521 626 tutaque
533 555 593 608 arte
604 549 743 608 consentit
755 568 817 608 curn
829 569 933 622 conam,
955 569 1027 627 quae
1038 550 1174 625 dicuntur,
1186 550 1256 610 affe-

171 640 270 698 ctibus.
312 635 401 711 Atqui
422 635 457 692 in
482 633 589 692 orando
611 652 723 711 quoque
738 633 857 696 intentio
876 637 965 708 reeb,
991 634 1131 710 remissio,
1159 635 1298 708 ficausto

170 723 294 802 pertinet
306 721 344 780 ad
357 720 508 802 mopsudos
520 720 692 778 audientium
703 718 818 780 affectus
826 740 842 790 ε,
854 719 963 795 aliaque
982 727 1010 778 et
1028 719 1212 782 collocationis
1226 725 1257 778 et

7 821 11 832 ·
53 797 56 802 ’
171 809 245 866 vocis
258 805 306 885 (ut
319 807 417 874 eodem
430 811 493 863 utar
504 804 603 882 verbo)
617 802 806 872 modulatione
819 805 1032 866 concitationem
1044 805 1178 878 iudicum,
1200 803 1261 864 alia

18 929 21 950 .
47 933 49 940 ·
114 910 163 956 108
171 891 386 955 misericordiam
403 891 537 966 petimus:
567 908 629 948 cum
650 889 733 948 etiam
758 891 885 965 organis,
914 890 1012 965 quibus
1030 907 1121 948 sermo
1141 889 1256 967 exprimi

100 971 103 980 ’
169 981 352 1056 ηοιιῳοῑεεῒ,
373 974 447 1034 affici
458 977 565 1038 annuos
578 976 607 1032 in
622 976 759 1033 diversum
770 973 901 1035 tabitam
918 977 1079 1036 sentiamus.
1122 973 1297 1052 Corporistfi

170 1081 282 1142 quoque
296 1062 396 1120 decens
408 1067 436 1118 et
447 1067 530 1145 aptus
543 1066 645 1133 motus,
666 1060 713 1136 qui
726 1058 827 1118 dicitur
836 1053 999 1140 εὐρυθμία,
1021 1066 1065 1122 est
1076 1060 1254 1140 necessarius,
1325 1113 1331 1126 ,

88 1155 92 1161 ’
170 1168 222 1208 nec
234 1146 343 1206 aliunde
359 1145 418 1222 peti
437 1152 545 1222 potest3
567 1146 597 1202 in
616 1164 671 1220 quo
687 1163 753 1222 pars
772 1146 889 1210 actionis
907 1166 965 1205 nou
982 1148 1096 1206 minima
1115 1145 1254 1204 consistit:

71 1272 76 1280 ι
170 1249 225 1310 qua
238 1233 273 1290 de
284 1251 315 1290 rc
326 1231 462 1307 sepositus
471 1231 553 1289 nobis
567 1234 610 1288 est
621 1227 705 1286 locus.
746 1227 825 1305 Age,
847 1232 870 1288 si
883 1231 1036 1292 habebitin
1052 1231 1148 1310 primis
1163 1236 1297 1290 curamat

166 1319 244 1378 uocis
262 1321 365 1389 orator,
381 1315 450 1392 quid
462 1321 521 1378 tam
532 1313 652 1374 Musices
663 1313 827 1392 proprium?
848 1315 906 1376 Sed
917 1337 955 1379 nc
965 1317 1034 1378 haec
1047 1318 1161 1394 quidem
1173 1335 1255 1394 prae·

169 1400 304 1464 sumenda
313 1419 378 1477 pars
389 1405 446 1458 est:
472 1405 503 1470 ut
510 1418 569 1456 ‘uno
581 1399 690 1456 interim
705 1402 830 1460 conteuti
840 1402 925 1460 simus
938 1402 1064 1481 exemplo
1078 1400 1257 1474 exarcum,

169 1486 312 1565 praecipui
329 1502 440 1542 suorum
455 1489 612 1561 temporum
628 1484 761 1556 oratoris,
777 1486 820 1542 cui
833 1489 1007 1546 concionanti
1022 1489 1174 1546 consistens
1189 1494 1256 1562 post
1290 1512 1300 1524 ‘
1330 1549 1334 1554 ,

170 1591 234 1630 eum
246 1570 380 1642 minicae,
401 1568 505 1645 fistula,
534 1587 618 1646 quam
631 1561 899 1648 aovoioaovvocant,
919 1574 1035 1646 modos,
1058 1573 1157 1649 quibus
1169 1571 1255 1630 debe-
1338 1627 1343 1634 .

169 1662 212 1716 ret
230 1655 353 1727 intendi,
376 1654 556 1712 ministrabat.
599 1654 679 1715 Haec
697 1655 724 1713 ei
740 1674 806 1714 cura
826 1657 898 1730 inter
912 1658 1110 1718 turbidissimas
1122 1657 1296 1730 actiones,28

70 1818 76 1823 η
168 1741 212 1802 vel
230 1741 348 1800 terrenti
361 1741 525 1818 optimates,
547 1739 591 1800 vel
604 1740 660 1798 iam
672 1741 780 1801 timenti
788 1742 848 1800 fuit
890 1742 975 1803 Libet
985 1748 1103 1823 propter
1119 1741 1273 1826 quosdam,
1296 1747 1300 1754 '
1346 1792 1351 1800 .

167 1826 367 1904 imperitiores,
389 1827 473 1884 etiarn
493 1827 635 1894 madore,
656 1832 814 1901 utvocant,
834 1819 938 1901 Musa,
960 1829 1163 1889 dubitationem
1174 1827 1253 1884 huius
1304 1855 1312 1866 ·

115 1929 119 1935 ·
168 1911 293 1970 utilitatis
308 1911 435 1970 eximere.
478 1909 553 1970 Nam
565 1913 667 1989 pottas
679 1916 754 1971 certe
766 1911 900 1988 legendos
918 1916 1021 1974 oratori
1037 1915 1129 1986 futuro
1142 1924 1304 1976 maces-29,

169 1997 268 2058 serint:
290 1996 490 2072 numigiturbi
503 1997 563 2056 sine
576 1995 700 2055 musice?
726 1995 768 2056 Ac
783 1998 807 2055 si
827 2001 887 2075 quis
905 2005 963 2058 tam
984 2019 1080 2060 caenis
1101 1999 1186 2056 ammi
1199 2005 1253 2070 est,
1314 2067 1316 2074 Α

111 2098 158 2142 109
167 2089 199 2140 ut
212 2083 250 2140 de
260 2080 320 2140 aliis
334 2081 455 2153 dubitet:
476 2081 537 2140 illos
557 2087 651 2154 certe,
674 2083 722 2158 qui
743 2084 864 2142 carmina
883 2086 920 2144 ad
933 2085 1020 2159 lyram
1033 2089 1253 2164 composuerunt
1276 2123 1280 2139 ι
1346 2092 1350 2102 “

167 2167 247 2224 Haec
263 2165 364 2223 diutius
381 2166 476 2224 forent
492 2167 625 2238 dicenda,
647 2167 671 2224 si
690 2166 744 2224 hoc
761 2168 882 2226 studium
898 2169 973 2228 velut
990 2187 1091 2228 novum
1110 2167 1253 2248 praecipe·
1388 2219 1389 2236 ,

168 2269 236 2310 ran.
278 2249 429 2308 eumvero
443 2252 595 2326 antiquitus
609 2269 695 2328 usque
708 2271 725 2310 a
738 2249 860 2320 Chirone
878 2258 963 2330 atque
980 2251 1085 2314 Achille
1104 2254 1141 2312 ad
1158 2259 1295 2316 nostra30
1388 2247 1389 2292 1

167 2335 376 2414 temporaapud
389 2354 495 2409 onmes,
510 2337 648 2412 quimodo
661 2334 811 2412 legitimam
821 2339 994 2416 disciplinam
1005 2359 1064 2401 non
1080 2341 1137 2398 sint
1149 2338 1253 2417 perosi,

167 2421 322 2492 duraverit,
344 2426 457 2480 nonest
471 2422 712 2495 committendum,
734 2428 764 2480 ut
780 2421 827 2480 illa
846 2425 930 2484 dubia
948 2425 1063 2500 faciam,
1084 2426 1252 2486 defensionis
1300 2475 1305 2482 .

160 2505 356 2566 'solbdtudine
400 2506 539 2574 Quamvis·
550 2512 643 2566 autem
662 2510 730 2566 satis
747 2509 803 2566 iam
816 2528 850 2568 ex
865 2511 947 2587 ipsis,
969 2510 1069 2588 quibus
1089 2530 1150 2574 sum
1166 2511 1250 2568 modo
1260 2519 1291 2573 31

165 2611 229 2650 usus
236 2589 404 2668 ,exemplis
425 2593 535 2652 credam
556 2611 617 2652 esse
643 2595 830 2667 manifestum,
859 2595 1036 2672 quaemihi,
1065 2601 1095 2654 et
1115 2601 1250 2671 quatenus

97 2721 105 2728 .
165 2677 269 2757 musice
285 2674 554 2754 placeat2'apertius
575 2682 670 2736 tamen
684 2678 872 2754 profitendum
888 2685 974 2756 puto,
1001 2699 1059 2737 non
1077 2680 1148 2738 hanc
1168 2698 1185 2736 a
1205 2698 1251 2756 rue

164 2761 304 2840 praecipi,
325 2777 398 2836 quae
408 2779 482 2820 nime
498 2763 528 2820 in
540 2763 629 2820 scenis
643 2761 816 2835 effeminata,
840 2770 869 2822 et
888 2765 1032 2842 impudicis
1049 2765 1139 2824 modis
1155 2765 1266 2836 fracta,-

165 2963 195 3018 In
210 2965 260 3018 hac
277 2961 394 3016 varietas
413 2967 560 3034 spectatur,
577 2965 605 3020 iu
626 2967 790 3036 copulatione
809 2985 899 3022 comm
918 2968 1045 3026 facilitate
1069 2967 1191 3023 hincilla
1204 2969 1250 3021 in-

165 3033 265 3088 offensa
279 3039 308 3086 ut
324 3031 374 3097 sit,
393 3031 547 3103 postulatur.
810 3064 812 3074 =
862 3048 868 3054 ·
946 3095 947 3099 1

234 3106 250 3170 §
262 3103 306 3159 28.
324 3104 400 3160 Haec
412 3106 493 3158 etiarn
504 3107 528 3160 ei
538 3108 617 3176 curu]
635 3105 681 3159 Sic
693 3106 782 3160 Guell'.
795 3106 878 3160 Paris.
892 3111 913 3162 1.
924 3107 965 3162 ed.
977 3108 1067 3178 Camp.
1080 3107 1140 3160 llo.
1154 3107 1214 3160 Basa
1225 3108 1248 3162 1.

144 3171 196 3234 ¹ln
214 3171 270 3225 Bal.
293 3163 521 3242 Andrsbbrecht.
540 3175 717 3247 transponitur
734 3177 807 3230 Haec
825 3179 905 3230 ctiam
924 3195 987 3240 cora
1009 3180 1041 3232 ei.
1075 3175 1165 3246 Spald.
1193 3193 1250 3228 cum
1309 3229 1314 3234 ,

164 3239 252 3293 Burm.
266 3242 345 3293 mam
359 3242 477 3308 exclusit,
494 3245 555 3314 quia
567 3247 643 3299 Haec
658 3247 682 3298 ci
694 3263 757 3298 cara
773 3247 853 3299 etiam
865 3253 1038 3316 exspectaret.
1056 3245 1157 3309 Codex,
1174 3259 1249 3316 quem

162 3309 262 3380 Regius
275 3309 351 3374 vidit,
367 3313 442 3364 Haec
456 3315 481 3366 ci
494 3323 521 3367 ct
533 3333 602 3371 cmo.
638 3315 714 3369 Bodl.
729 3333 775 3368 uec
787 3317 867 3370 ctiam
882 3333 944 3370 cura
955 3317 988 3372 er’.

231 3381 309 3445 529,
319 3382 359 3434 Ac
371 3383 395 3434 si
408 3381 480 3451 pais]
498 3384 563 3440 (lum
575 3384 666 3454 Speld.
680 3390 801 3454 negasset
816 3385 843 3438 in
856 3385 908 3438 ullo
924 3385 1021 3438 Codice
1035 3381 1088 3452 legi
1100 3385 1155 3447 Ae,
1179 3380 1248 3451 quud
1314 3419 1318 3426 -

161 3447 213 3520 ipsi
227 3447 313 3518 aptius
329 3449 484 3517 videbatur3
502 3453 592 3506 Turio.
604 3454 783 3508 auctoritatem
794 3453 822 3506 in
831 3455 946 3511 Praeset.
960 3455 1075 3506 adhibet.
1092 3452 1170 3526 Hinc,
1185 3467 1248 3506 coa-

162 3517 289 3572 sentienta
302 3517 427 3585 Wolffio,
442 3518 548 3574 restitui
560 3526 598 3576 Ac
611 3541 659 3592 pro
672 3519 746 3592 vulg.
759 3525 806 3576 Ac.
840 3522 961 3590 Fingitur
980 3522 1045 3576 enim
1061 3520 1154 3590 aliquis
1174 3523 1247 3591 (cue

131 3613 135 3618 ·
162 3605 205 3641 cos
221 3587 316 3657 aniani)
332 3586 365 3640 de
379 3588 437 3641 aliis
453 3589 572 3644 dubitare
587 3591 612 3646 h.
636 3611 659 3646 e.
676 3591 740 3644 alios
753 3589 850 3643 oratori
865 3593 956 3660 poetas
974 3608 1025 3644 non
1043 3591 1165 3660 legendos
1180 3609 1247 3654 esse,
1336 3619 1341 3626 ·

116 3677 119 3686 ’
161 3658 1100 3800 ttttttctttttttttt⁰⁰stittuttttsttttlstt
1113 3666 1247 3798 lilii:

160 3795 231 3860 dem,
244 3801 274 3848 ut
289 3795 389 3866 augins
402 3799 461 3850 illos
474 3807 544 3852 certe
564 3767 688 3855 conbedut
705 3799 829 3868 tegendos
848 3815 916 3868 csse,
934 3793 983 3869 putv
996 3806 1047 3858 etc.
1082 3769 1249 3856 ilamwola
1298 3813 1304 3819 ·
1368 3802 1373 3820 ⁸

99 3921 102 3930 ,
159 3863 637 3940 ἱειιειρταωωεμί*,,οοποεᾱαίσίνε
651 3871 741 3938 putat,
761 3883 818 3922 csse
832 3885 888 3922 curn
901 3869 1025 3935 musice,“
1051 3868 1125 3939 quasi
1139 3863 1246 3948 opposi-

159 3941 188 3986 ta
208 3933 262 3988 rint
282 3936 376 3990 rerba:
401 3933 471 3990 Num
489 3937 573 4008 igitur
594 3939 622 3992 bi
642 3939 696 3992 sine
713 3937 829 3990 musice?
853 3938 945 4007 hisque
962 3939 1050 3992 verbis
1070 3943 1266 3990 accusaturum,

158 4017 253 4071 regens
268 4004 373 4057 verbum
387 4003 501 4058 additum
514 4007 611 4071 tuerit,
629 4025 679 4077 quo
695 4007 733 4060 uti
746 4006 825 4060 liceat
838 4007 865 4060 in
881 4025 913 4062 ca
931 4006 1060 4060 sententie
1076 4005 1181 4071 (poetas
1197 4003 1244 4056 ali-
1305 4020 1309 4028 ·
1369 3999 1386 4040 ⁸¹

148 4089 224 4142 ¹quos
242 4089 293 4126 non
313 4071 403 4138 car'cre
425 4071 725 4147 musice)'sxponenda‚
744 4093 810 4145 quae
825 4094 873 4146 per
894 4095 922 4128 re
946 4081 1018 4128 certe
1033 4078 1090 4136 est,
1107 4072 1130 4124 si
1141 4072 1244 4142 legendi

158 4146 252 4211 poetae
262 4150 322 4196 runt
336 4140 420 4214 lyrici.
