2774 4444
43 119 54 146 ⁶
150 145 226 264 ns
294 169 301 180 “
393 155 939 266 monsbarrensium

127 416 130 429 ι
148 369 211 416 com
224 369 281 429 quo
292 349 398 428 agitor,
414 349 481 411 nibil
493 349 676 429 respondeat,
688 347 811 426 ideoque
821 348 882 409 fieri
892 353 995 408 statum
1008 367 1026 408 a
1038 337 1239 427 respondente.

107 437 217 498 tdilca
234 443 329 496 minen
348 435 485 506 sententia
506 435 613 494 varium
627 435 657 493 id
672 439 728 509 est,
749 440 778 494 et
790 435 891 492 accidit
901 452 954 514 pro
966 433 1127 494 conditione
1141 451 1241 493 causa·

149 541 224 583 rum:
246 521 311 598 quia
323 528 354 580 et
366 521 454 582 viden·
469 526 565 600 potest
577 520 732 598 propositio
744 519 895 597 aliquando
911 526 1014 579 statum
1027 523 1136 592 facere,
1156 525 1190 577 nt
1206 521 1240 578 in

46 651 49 662 .
149 603 373 670 coniecturalibus
393 605 498 679 causis,
525 606 611 665 utitur
630 605 704 664 enim
724 605 882 663 coniectura
903 607 991 682 magis
1015 605 1063 683 qui
1084 606 1144 681 agit
1164 604 1240 682 (quo

125 717 129 724 ·
148 691 217 753 moti
229 691 350 768 quidam,
365 693 483 751 eundem
497 708 574 749 areo
587 689 729 768 infitialem
741 707 802 748 esse
814 690 956 766 dixerunt)
965 711 978 748 ε’
989 697 1019 750 et
1031 690 1062 748 in
1078 689 1239 766 syllogismo
1265 729 1269 736 -

107 779 143 839 16
150 784 212 838 tota
224 775 397 850 ratiocinatio
412 777 448 836 ab
461 795 496 835 eo
512 782 572 858 est,
596 775 644 851 qui
657 775 785 834 intendit.
818 774 877 833 Sed
892 776 959 852 quia
972 775 1082 835 videtur
1094 774 1149 833 illic
1167 793 1239 851 qno-
1258 842 1261 846 ¹

151 881 207 941 que
227 861 419 933 necessitatem
435 860 487 921 bos
506 867 594 918 status
612 860 782 937 exsequendi
803 861 894 920 facere
907 860 955 936 qui
970 867 1056 937 negat
1070 859 1109 935 (is
1125 859 1237 922 enimsi

148 949 239 1032 diost,
261 943 325 1006 Nou
333 944 408 1025 saci,
427 951 513 1024 'coget
525 945 711 1004 adamantum
725 944 881 1006 coniectum
895 946 948 1003 uti:
971 951 1002 1004 et
1022 944 1150 1018 sidicat,
1171 940 1237 1006 Noa
1245 951 1308 1002 att

148 1033 234 1094 tato-
249 1031 348 1108 lpgem,
379 1029 554 1108 syllogismo)
576 1031 758 1090 concedamus
780 1047 815 1089 er
836 1029 1000 1106 depulsione
1023 1032 1102 1089 nard
1125 1019 1235 1088 stium.

33 1171 37 1184 .
112 1157 118 1166 ·
148 1116 352 1179 rotdomum
371 1117 445 1177 enim
466 1135 511 1174 res
529 1135 564 1174 eo
582 1119 753 1202 revertetur,
772 1121 804 1174 ut
821 1113 906 1172 modo
922 1115 1007 1192 isqui
1019 1111 1094 1192 agit,
1114 1113 1237 1174 modoia
1307 1163 1313 1178 .

106 1214 212 1273 17cunr
231 1220 287 1279 quo
305 1203 415 1282 agibrr,
437 1207 539 1260 stabim
546 1199 650 1277 faciut.
695 1200 828 1260 Sitenim
842 1201 1006 1260 acorsatoris
1021 1201 1153 1272 interibo,
1175 1198 1237 1258 Ho-

148 1291 243 1348 minem
257 1282 386 1346 occidisti.
430 1286 462 1344 st
483 1291 571 1362 neget
591 1303 670 1358 rens,
691 1287 775 1344 faciet
796 1289 898 1342 stabim
918 1287 967 1362 qui
984 1291 1078 1363 negat
1121 1285 1200 1354 Quid
1211 1283 1245 1344 si.

25 1413 28 1420 ·
148 1373 308 1445 confitetur,
329 1373 480 1432 redducere
492 1389 520 1429 se
530 1369 680 1429 odotem
691 1370 759 1428 dicit
770 1370 907 1428 nomm?
928 1370 1045 1450 (neapo
1065 1370 1156 1448 legam
1176 1389 1238 1430 esse

149 1463 253 1520 certum
267 1463 312 1518 cst
325 1475 399 1535 quae
409 1457 577 1536 pennittat.)
606 1455 670 1514 Nisi
683 1450 788 1533 aliquid
800 1460 946 1513 aocnmtor
956 1457 1140 1534 respondeat,
1161 1453 1239 1515 nulla

148 1543 183 1604 lis
200 1549 252 1604 est
296 1537 360 1602 Non
374 1542 453 1621 suit,
473 1543 580 1618 inquit,
602 1540 725 1600 adulter:
746 1557 815 1616 ergo
827 1539 956 1618 depulsio
969 1541 1067 1622 incipit
1085 1561 1147 1603 esse
1160 1547 1237 1600 uoto-

147 1631 202 1702 ris;
223 1628 269 1688 ille
281 1633 384 1687 statum
398 1628 488 1687 faciet.
532 1627 576 1684 lta
592 1627 646 1686 erit
664 1626 776 1703 quidem
798 1629 887 1683 status
909 1643 943 1684 ex
958 1627 1049 1704 prima
1062 1626 1237 1708 depulsione,

105 1722 141 1780 18
149 1717 201 1775 sed
218 1733 252 1774 ca
264 1713 314 1772 fiet
331 1713 367 1772 ab
382 1717 556 1785 accusatore,
578 1729 634 1769 non
649 1729 667 1770 a
680 1730 738 1770 reo.
782 1705 883 1780 Quint
904 1711 981 1788 quo'd
995 1713 1094 1772 eadem
1111 1711 1236 1790 quaestio

147 1804 245 1882 potest
260 1795 432 1864 cundemvel
448 1801 636 1856 accusatorem
648 1797 740 1858 facem
756 1793 800 1855 vel
812 1814 904 1854 reum:
928 1793 987 1862 Qus
1004 1802 1088 1858 ortem
1104 1797 1236 1858 todtooor
1273 1817 1279 1824 ·
1318 1800 1323 1808 '

146 1886 311 1956 trement,
326 1885 356 1941 ta
367 1881 567 1961 quatuordecim
573 1881 671 1964 prdaufs
682 1881 819 1941 ordimdm
833 1880 984 1951 nondam
1004 1883 1054 1961 qui
1069 1904 1100 1953 se
1115 1881 1238 1963 praetant

147 1969 275 2030 inhortis
298 1970 474 2041 ostenderat,
496 1985 589 2044 neque
610 1973 670 2027 erat
691 1967 858 2044 productos,
886 1967 960 2026 sedit
980 1969 1009 2026 in
1029 1965 1237 2046 quatbordcdnt

106 2063 140 2120 19
149 2055 298 2132 ordinibus.
331 2051 444 2134 Nempe
457 2053 576 2112 intentio
591 2057 651 2127 est,
672 2053 764 2111 Artem
777 2051 909 2111 ludicrum
920 2050 1077 2124 exomisb‘5
1099 2047 1236 2136 depulsio,

109 2186 111 2194 s
148 2138 213 2210 Noa
225 2143 426 2200 correctoriam
439 2138 586 2208 ludicram
610 2139 752 2218 quaestio,
774 2136 897 2205 Quido't
914 2143 999 2220 ortem
1014 2139 1146 2200 ludicram
1157 2159 1235 2198 eaer-
1325 2193 1331 2200 .

37 2219 42 2295 Ῐ
148 2226 226 2288 cere?
268 2226 300 2285 si
319 2226 489 2284 accusabitur
507 2224 638 2284 theatrali
658 2224 736 2300 lege;
757 2223 884 2304 depulsio
905 2225 961 2300 erit
978 2225 1033 2284 rei:
1059 2226 1083 2284 si
1101 2228 1235 2288 excitator

109 2303 113 2312 ⁸
146 2313 232 2372 luerit
252 2312 290 2370 de
311 2309 488 2388 spectaculis,
510 2314 540 2368 et
560 2316 628 2384 aget
643 2309 821 2380 initiatarum
842 2308 969 2387 depulsio
990 2312 1045 2369 erit
1058 2312 1234 2370 accusatoris.

105 2395 333 2472 wFrequcntius
350 2401 445 2453 tamen
464 2393 531 2452 illud
546 2394 668 2470 accidet,
691 2395 768 2471 quod
782 2399 827 2452 est
843 2394 996 2472 apluribus
1008 2391 1155 2456 tradituro.⁸
1183 2395 1235 2474 Ei·

91 2546 94 2554 ¹
147 2483 281 2558 fugerunt
293 2479 343 2538 h'as
359 2480 533 2557 quaestiones
547 2479 595 2555 qui
607 2478 734 2538 dixerunt
747 2483 853 2538 statum
868 2499 930 2540 esse
942 2480 996 2555 id,
1008 2483 1085 2559 quod
1097 2485 1236 2561 ‘appareat

149 2587 184 2628 ex
198 2565 354 2646 intentione
367 2570 397 2626 et
410 2563 588 2644 depulsione,
609 2571 655 2637 ut,
679 2559 794 2637 Feolrtr‘,
818 2559 882 2624 Non
888 2564 965 2644 sect,
989 2572 1052 2640 aut,
1074 2567 1159 2628 Recte
1165 2567 1233 2646 sect.

105 2657 139 2713 21
149 2651 306 2713 Viderimus
318 2657 428 2723 tumen,
449 2656 541 2709 utrum
555 2649 586 2708 id
600 2651 637 2708 rit
649 2655 755 2724 status,
776 2669 812 2708 on
825 2651 856 2718 in
867 2669 903 2710 oo
915 2656 1013 2710 stabo.
1046 2653 1233 2732 Hermugoru
1242 2667 1293 2718 tta

101 2785 102 2790 1
147 2743 250 2798 statum
259 2743 355 2810 vocat,
377 2755 431 2815 per
441 2755 524 2816 quem
538 2736 660 2796 subiecta
673 2751 720 2795 res
733 2734 920 2813 intelligatur,
943 2742 972 2797 et
981 2738 1022 2796 'ad
1036 2755 1119 2816 quern
1133 2739 1236 2820 probos

65 2894 68 2902 ¹
147 2825 239 2886 tiones
254 2823 336 2883 etiam
349 2823 470 2903 partium
483 2821 644 2883 reserantur.
681 2819 786 2882 Nostra
797 2821 892 2900 opinio
907 2839 1016 2901 semper
1027 2822 1096 2908 baec
1106 2825 1172 2901 suit,
1196 2817 1244 2902 nt,

148 2927 211 2970 cum
225 2913 319 2971 esserd
331 2909 490 2985 frequenter
500 2907 529 2966 in
544 2925 628 2966 causa
642 2907 743 2966 diversi
757 2908 949 2984 quaestionum
962 2913 1066 2983 status,
1079 2909 1164 2970 ineo
1176 2929 1235 2970 cra·
1361 2961 1362 2975 ,

148 2997 245 3056 doen
254 2998 360 3052 statam
375 3011 489 3066 course,
511 2992 581 3070 quqd
591 2998 658 3058 esset
675 2995 704 3052 to
717 3011 748 3052 aa
757 2993 984 3070 potmb'rsi'muar,
1004 3001 1031 3052 et
1040 2999 1069 3058 tn
1081 3015 1132 3075 qao
1143 2998 1234 3054 raad-

148 3097 189 3140 πω
200 3097 242 3137 res
254 3073 406 3137 soledus.
450 3077 483 3138 ld
502 3079 527 3136 si
546 3078 607 3154 quis
626 3078 774 3155 gerusalem
787 3081 989 3156 qrioastr‘osrem,
1001 3079 1044 3139 vel
1061 3087 1142 3160 caput
1154 3097 1233 3158 geue-

147 3165 205 3224 role
217 3165 310 3225 (licere
320 3163 419 3238 malet,
440 3181 503 3224 com
521 3161 575 3224 boc
595 3163 662 3225 mibi
678 3183 737 3224 non
754 3164 806 3224 erit
818 3181 934 3246 pogoa3
955 3184 1015 3225 non
1024 3169 1130 3246 magis,
1152 3183 1234 3246 quam
1358 3165 1359 3168 ’

81 3390 85 3398 .
170 3319 176 3334 α
217 3348 291 3418 §14-
308 3367 366 3404 cam
378 3367 428 3419 quo
442 3350 551 3433 egitur]
575 3337 779 3404 Praeterendum
791 3348 878 3404 rideri
932 3349 981 3405 ssit
1000 3349 1028 3404 in
1050 3351 1156 3474 obliqua
1176 3365 1235 3406 ora·

146 3419 219 3476 tione
238 3427 340 3491 ogotm·
358 3420 385 3472 io
402 3420 494 3474 Tunc.
508 3419 599 3473 Guelf.
616 3419 681 3473 Alm.
695 3419 729 3473 R
743 3424 767 3475 1.
777 3419 873 3474 ,et-ed.
933 3434 984 3491 inp.
999 3420 1090 3476 Locat
1128 3421 1165 3476 ld.
1179 3437 1235 3476 cun

147 3490 209 3546 add.
232 3497 293 3544 anta
315 3489 434 3544 Badium.
469 3489 545 3543 Unus
564 3489 597 3544 n
612 3490 638 3544 2.
660 3505 717 3543 oum
740 3489 850 3560 reliquis
867 3491 968 3562 agitur.
1003 3491 1088 3546 Unam
1110 3491 1177 3545 illud
1195 3507 1235 3544 na

146 3563 250 3624 movet,
274 3565 303 3611 ut
322 3575 381 3616 cum
400 3559 492 3628 Spald.
510 3558 677 3612 indicativum
696 3560 899 3614 conservandum
917 3567 1017 3630 putem,
1040 3561 1110 3632 qnod
1125 3561 1178 3626 Qu.
1194 3557 1234 3614 bis

147 3628 237 3684 verbis
257 3643 328 3680 suam
344 3626 456 3698 denique
469 3630 623 3684 senteutiam
638 3628 751 3700 exponit
946 3629 950 3642 ’
1190 3649 1193 3656 ’

217 3699 234 3764 S
256 3699 297 3753 18.
320 3699 364 3766 put
383 3715 409 3750 ac
430 3700 550 3768 praetori
568 3699 597 3752 io
617 3698 701 3752 bortis
718 3697 886 3766 ostendant]
913 3699 1013 3754 Censor
1033 3697 1124 3769 Spald.
1144 3698 1186 3754 ad}
1206 3697 1234 3754 it

146 3767 228 3824 Nora
239 3782 319 3834 germ.
332 3765 453 3820 biblioth.
468 3768 503 3820 de
517 3783 584 3820 sono
601 3767 676 3823 1800.
694 3768 753 3821 Vol
775 3767 821 3832 hl,
839 3771 868 3822 2.
883 3785 910 3837 p.
927 3767 989 3824 584.
1007 3769 1150 3853 axonplour
1164 3765 1234 3840 peri·

133 3836 198 3890 -ouli
211 3835 368 3906 agendarum
381 3835 526 3888 tabularum
541 3835 663 3904 privatim
675 3837 741 3890 tacti
751 3853 837 3890 coram
851 3837 1021 3907 magistratu,
1040 3856 1086 3910 qur
1098 3838 1173 3893 ludos
1187 3853 1233 3891 cu·

146 3912 236 3970 rarat,
252 3903 495 3970 nonstrut'l‘araot.
512 3903 580 3957 lluo.
595 3903 665 3958 Prot.
679 3907 721 3960 19.
741 3906 825 3972 Quam
836 3925 904 3960 oeus
915 3909 1010 3961 ormo
1020 3925 1107 3961 aanor
1123 3909 1243 3970 um,
1277 3953 1280 3960 .

147 3973 191 4028 dri
202 3975 370 4039 Eunuchum,
390 3980 530 4042 postquam
547 3975 652 4030 Aediles
669 3982 794 4028 mmor.
827 3975 943 4042 Perfecit
958 3976 1169 4047 (adremrius),
1185 3975 1234 4031 abt

147 4041 350 4167 amiciendi
368 4050 434 4098 orso
455 4041 539 4112 coptu.
573 4043 814 4114 Magistratus
836 4063 910 4102 oasa
932 4046 984 4102 ibi
1007 4047 1164 4114 aderrat,
1188 4062 1232 4101 oo·

169 4369 266 4389 ffi—..n-fl..
276 4386 280 4389 1
344 4385 348 4393 ,
399 4361 412 4394 r.
