2738 4442
365 223 369 230 ι
410 126 1029 230 rnsr.onrron.n1a.v,1ass.
1195 85 1307 208 raas
1367 91 1368 96 Ν

170 297 311 374 atb'gen'ea
330 295 454 375 abfueris
466 295 586 365 tamdin;
607 301 646 369 et,
668 301 795 355 cumton
808 295 1046 372 tangainteraatta
1059 296 1175 369 raom,
1199 315 1258 355 cum
1306 289 1314 306 “
1367 339 1368 344 .

82 385 85 393 “
169 382 224 456 iis,
243 385 291 460 qut
301 385 329 440 in
336 382 402 461 sara
414 381 584 455 habitarunt,
606 380 639 439 de
651 380 785 458 dignitate
797 372 960 442 contendas?
986 381 1141 441 Praeterea.
1150 383 1179 439 in
1191 390 1301 444 con-28
1367 443 1368 452 ,

169 469 378 527 tradictiorribus
394 467 505 526 iuterim
523 471 614 524 totunr
626 467 730 526 crimen
743 468 911 545 exponitur,
926 473 957 525 ut
970 467 1071 526 Cicero
1084 485 1136 544 pra
1152 466 1257 525 Scauro

170 554 242 613 circa
258 553 403 612 Bostarem
423 552 511 626 iacit,
526 551 610 628 relati
627 553 781 622 orationem
801 553 926 611 diversae
944 553 1031 630 partis
1052 551 1189 623 imitatum
1210 557 1259 610 aut

98 661 101 665 ·
130 676 131 680 ,
165 637 293 717 'pluribus
305 637 541 716 propositionibus
554 637 670 710 iunctis,
692 642 723 695 ut
740 655 792 716 pro
807 636 934 709 Vareno,
958 636 1024 694 Cum
1039 639 1090 695 iter
1106 656 1155 716 per
1176 655 1258 712 agras

97 736 100 749 ¹
171 728 198 780 et
211 721 268 780 tara
280 721 338 781 sota
344 723 451 801 secaret
464 720 711 802 aamPanrputena,
731 725 761 780 in
769 721 911 800 familiam
924 709 1123 780 Ancharianam
1134 722 1259 781 incidisse

172 805 312 882 debirint,
340 808 434 867 der‘nde
450 806 638 885 Pompulenum
655 809 769 866 mairam
790 828 859 881 esee,
886 805 961 865 ittr'co
985 805 1116 865 Varenum
1140 811 1258 866 nanum

112 897 352 969 rerumrerum,
373 893 436 952 dum
449 893 492 952 bie
505 893 663 966 ostenderet,
686 893 751 970 quid
764 893 796 952 de
809 895 910 972 eafieri
922 891 1007 967 aettet.
1051 893 1137 961 Quod
1150 894 1259 952 estati-
1341 904 1343 908 '

171 999 225 1058 que
240 979 413 1054 iaciendum,
434 979 457 1036 si
472 979 526 1038 erit
536 977 703 1038 incredibilis
717 980 757 1038 rei
771 981 857 1054 orda,
871 982 903 1039 et
917 979 977 1058 ipsa
989 978 1163 1057 expositione
1174 977 1258 1036 fidem

170 1064 336 1144 perditurus.
379 1063 493 1124 Interim
507 1070 665 1144 perpartes
679 1064 851 1137 dissolvitur,
874 1065 951 1141 quad
964 1065 1095 1124 contextu
1109 1068 1206 1122 nocet:
1229 1069 1259 1122 et
1333 1059 1348 1112 '-

169 1149 332 1228 plerumque
347 1149 377 1224 id
391 1150 538 1212 esttutias.
582 1150 728 1218 Quaedam
747 1149 979 1220 contradictiones
997 1153 1096 1213 natura
1115 1153 1180 1206 suut
1202 1148 1259 1206 siu-
1323 1223 1326 1229 .

99 1247 103 1252 '
170 1233 267 1313 gudam
285 1235 316 1292 id
330 1235 461 1312 exemplis
475 1255 533 1293 non
547 1241 622 1312 eget.
688 1268 691 1272 ·
1175 1228 1179 1234 ¹

257 1318 412 1378 Communia
432 1320 503 1378 bene
523 1319 786 1398 apprehenduntur,
808 1337 866 1377 nou
884 1325 1009 1393 tantum,
1031 1317 1309 1396 qrria'utriusque29'
1367 1383 1368 1390 χ

170 1409 236 1464 sunt
247 1405 350 1482 partis3
371 1403 436 1478 sed,
457 1404 523 1480 quia
534 1404 597 1481 plus
607 1410 724 1482 prosunt
735 1405 923 1482 respondenti.
965 1403 1068 1482 Neque
1086 1404 1159 1462 enirn
1177 1405 1275 1485 pige¹

118 1541 137 1565 ἱ.
170 1489 227 1564 bit,
248 1489 323 1566 quod
341 1507 426 1566 saepe
444 1491 552 1562 monui,
574 1491 692 1549 referre:
714 1507 858 1548 commune
875 1491 924 1567 qui
943 1491 1020 1566 prior
1040 1489 1125 1562 dicit,
1145 1495 1256 1546 conua-
1367 1519 1368 1524 κ

172 1575 243 1634 rium
256 1575 333 1632 iacit.
376 1573 427 1631 Est
448 1574 520 1634 enirn
541 1575 721 1647 contrarium,
744 1593 799 1650 quo
819 1574 990 1634 adversarius
1009 1575 1081 1634 berre
1097 1573 1139 1630 uti
1156 1571 1310 1651 potentio.

170 1659 209 1718 dt
226 1655 295 1718 'enr'm
315 1655 375 1718 aon
385 1658 525 1718 remensa
541 1665 595 1732 ert,
617 1665 720 1718 tanturn
734 1659 819 1718 scetus
831 1657 875 1718 M.
891 1659 996 1722 Guttam
1011 1647 1065 1733 esic
1078 1663 1255 1716 cammenata.

172 1744 268 1811 Quid?
285 1743 492 1804 bae·aerr‘sinrile
504 1751 559 1820 ert,
582 1750 687 1804 tanturn
700 1744 785 1804 melus
800 1745 915 1823 Oppium
929 1765 983 1804 esre
995 1743 1140 1806 canatum?
1181 1740 1257 1802 Arti-
1299 1803 1303 1808 ,

171 1831 229 1890 ficis
242 1835 334 1890 autern
347 1835 406 1904 est,
427 1830 550 1900 invenire
568 1831 597 1889 iu
613 1829 723 1892 actione
742 1831 906 1906 adversarii,
927 1849 999 1908 quae
1010 1832 1082 1914 intqr
1093 1832 1180 1888 semet
1195 1829 1272 1910 ipsa¹

169 1920 311 1995 pugnent,
333 1923 382 1975 aut
393 1936 521 1994 pugnare
532 1916 692 1976 videantur:
714 1935 786 1993 quae
802 1915 950 1996 aliquando
969 1935 1003 1976 ex
1022 1917 1105 1977 rebus
1118 1915 1185 1993 ipsis
1197 1933 1257 1972 rna-

170 2001 270 2060 rriiesta
284 2008 361 2060 suut:
383 2008 416 2059 ut
426 2003 455 2060 in
467 2020 549 2062 carisa
563 2001 711 2060 Coeiiana:
729 2000 823 2058 Clodia
835 2019 931 2058 aarum
944 2021 972 2059 ae
983 1995 1071 2060 caelia
1083 1998 1257 2058 commodasse
1270 2015 1274 2021 ’
1318 2007 1320 2014 ’

123 2125 129 2129 -
170 2086 252 2158 dicit,
274 2087 343 2164 quad
361 2089 467 2160 signum
486 2081 823 2163 magnae'famr'tr'an'tatr'e
842 2091 898 2154 esta
919 2104 1044 2144 uenenum
1054 2085 1107 2142 nbi
1115 2088 1255 2164 paratum,
1364 2153 1368 2162 .

172 2169 242 2249 quart
253 2174 351 2228 summi
361 2171 418 2228 adii
428 2159 613 2247 argumentum
626 2176 676 2230 est.
717 2168 831 2229 Tubero
843 2169 988 2246 Ligarium
1001 2176 1127 2242 accusat,
1149 2168 1219 2246 quad
1231 2171 1256 2228 r'r
1263 2171 1306 2226 31.
1326 2207 1330 2212 -

169 2259 200 2315 in
213 2255 313 2334 Africa
326 2254 433 2334 fuen’t‚·
455 2261 480 2314 et
492 2258 625 2334 quaitur,
647 2255 717 2334 quod
735 2255 770 2313 ab
788 2275 818 2314 ea
836 2259 893 2334 ipre
910 2255 1138 2336 mdfrieamnaa
1154 2257 1191 2312 rit
1204 2253 1255 2313 ad-
1359 2304 1360 2310 ,

171 2343 275 2400 ariesue.
317 2340 475 2418 Aliquando
493 2361 560 2410 vera
579 2343 696 2420 praebet
714 2341 771 2400 eius
784 2341 824 2400 rei
837 2342 1009 2408 occasionem
1024 2342 1115 2400 minus
1130 2340 1256 2399 conside·
1331 2411 1335 2422 Ι

101 2463 104 2466 -
170 2433 232 2486 rata
253 2445 287 2486 ex
303 2426 419 2486 adverso
439 2427 556 2486 dicentis
577 2427 682 2486 oratio:
703 2426 781 2503 qaod
798 2426 899 2486 acddit
913 2428 1061 2506 praecipue
1073 2425 1180 2505 arpidis
1192 2445 1256 2486 serr-

92 2529 97 2536 ·
169 2511 334 2586 teuderam,
357 2513 474 2571 utdueti
497 2514 641 2571 occasione
659 2511 770 2570 (beandi
790 2532 847 2570 uon
860 2514 1023 2592 respiciant,
1046 2513 1114 2589 quid
1127 2511 1258 2584 dixerint,

106 2647 113 2662 .
170 2597 235 2656 dum
252 2598 344 2656 locum
362 2604 632 2675 praesentem‚=non
652 2603 741 2654 totam
758 2615 884 2668 causam,
905 2598 1056 2654 intuentur.
1099 2595 1298 2663 aridumue

46 2711 50 2718 ·
170 2682 258 2740 rideri
278 2686 374 2759 potest
391 2680 688 2752 contracluentium,
717 2699 801 2756 qaam
823 2681 947 2740 masania
966 2677 1056 2738 notai
1099 2679 1256 2748 Quintam

171 2769 267 2824 contra
279 2765 413 2836 eundern,
436 2785 519 2842 quarn
533 2765 618 2823 tilium
631 2765 667 2822 ab
679 2764 804 2840 Egnatia
820 2765 941 2843 corrupti
954 2765 1063 2840 iudicii,
1085 2784 1140 2843 qrro
1153 2763 1256 2823 Cluen·

99 2857 104 2928 j
169 2851 226 2910 tius
240 2849 425 2930 Oppianicum
436 2844 671 2926 circumvenisset,
691 2850 804 2912 cnmine
817 2847 1035 2912 exbnedatumi
1076 2848 1116 2908 Ar
1124 2849 1193 2909 baec
1205 2849 1297 2928 crea

105 3071 110 3080 ⁸
170 3085 267 3156 recepi.
304 3085 390 3154 Atque
408 3083 533 3155 temporis
552 3081 726 3138 definitionem
744 3090 853 3154 apparet
865 3084 1003 3156 pertinere
1024 3084 1057 3138 ad
1078 3049 1257 3139 commodatib-

72 3159 79 3170 “
169 3155 265 3208 nemin
280 3154 388 3220 castris,
406 3153 433 3207 in
465 3154 539 3207 uibus
554 3151 684 3214 darn'iuit
702 3170 752 3206 aon
768 3156 946 3223 potuitioruru
960 3153 1099 3223 attingere.
1122 3155 1255 3216 starem,

172 3233 202 3276 ut
212 3225 302 3292 Spaid.
324 3229 352 3276 et
371 3222 466 3293 retiqur
486 3225 638 3286 votuerunt,
662 3230 703 3277 tat
718 3225 794 3276 annis
806 3225 840 3277 ad
854 3227 945 3290 sarum
957 3223 1087 3286 refertam
1104 3223 1190 3292 potuit
1204 3221 1256 3283 alia
1305 3221 1311 3232 “

170 3309 200 3346 re
218 3292 357 3361 prohiberi.
393 3294 461 3346 Turn
482 3293 560 3346 etiam
580 3290 654 3362 verbi
678 3293 777 3360 inquit,
803 3292 888 3348 media
907 3291 1090 3346 enuudatioae
1104 3289 1256 3366 cotemnit,

168 3363 248 3416 sedes
262 3367 375 3415 nostram
387 3362 510 3416 rationem
524 3361 691 3416 commendat.
724 3360 862 3416 redeam
874 3359 1034 3414 acerbitatis.

239 3433 313 3499 8³0.
334 3432 475 3499 Caeliana]
501 3431 557 3485 Cic.
578 3449 625 3502 pro
642 3430 716 3484 Cael.
730 3448 753 3484 a.
774 3431 815 3486 13.
849 3431 1004 3502 Quanquam
1020 3445 1089 3494 reta,
1111 3427 1256 3482 nau·rerba
1329 3489 1334 3500 ,

169 3499 303 3554 Ciceronis
316 3499 404 3563 Quint.
414 3501 513 3570 refert.
654 3531 656 3538 ν
1246 3545 1250 3554 .
1267 3515 1272 3524 ·

237 3573 254 3638 5
272 3571 316 3627 31.
337 3569 491 3640 Ligurium]
510 3569 567 3623 cic.
579 3585 626 3640 pra
642 3567 701 3636 ing.
716 3583 738 3620 c.
752 3569 778 3623 3.
863 3623 869 3632 ,

238 3640 313 3706 532.
326 3639 497 3708 ⁴vincentium]
529 3637 585 3692 Ciu.
601 3655 649 3709 pro
668 3637 769 3690 cluent.
791 3655 815 3690 c.
827 3633 870 3692 43.
895 3635 947 3690 Pro
964 3635 1028 3688 Arri
1043 3635 1076 3702 (ἓ
1087 3632 1158 3703 seq.)
1172 3632 1254 3686 Gotb.

170 3714 198 3762 et
220 3707 308 3762 timei.
327 3708 454 3778 praebent
469 3709 542 3772 Atti,
571 3707 641 3778 quod
654 3705 813 3760 accusatoris
827 3721 917 3759 nomen
931 3703 1008 3758 etiam
1023 3703 1157 3760 Ciceronis
1171 3701 1254 3755 codd.

189 3775 287 3844 iurique
306 3782 453 3831 servarunt.
489 3777 564 3830 noar.
585 3779 650 3828 Verr.
670 3775 730 3829 boa
752 3769 834 3828 Paris.
849 3773 917 3828 lens.
932 3776 1002 3839 acti,
1026 3773 1097 3846 qaod
1108 3770 1183 3842 quasi
1199 3787 1254 3823 rue-

168 3793 238 3899 diaar
261 3850 301 3897 est
314 3845 382 3900 iuter
399 3855 539 3916 utramque
560 3845 702 3900 lectionem.
742 3843 833 3914 Spaid.
854 3861 910 3898 aura
929 3844 1036 3914 reliquis
1053 3842 1128 3896 tibris
1147 3839 1255 3894 retinuit
1367 3893 1368 3898 ,

168 3914 240 3969 Acci.
276 3913 663 3979 numerosarum,
682 3913 926 3980 sedSii.Attirrr.
962 3913 1092 3975 Deinde§
1111 3909 1156 3966 43.
1175 3907 1254 3964 iidem
1287 3973 1292 3983 .

168 3983 289 4048 Arciam,
308 3983 358 4036 etsi
370 3984 452 4038 Gotb.
467 3990 497 4038 et
507 3985 583 4038 Voss.
598 3986 624 4038 2.
641 3984 737 4036 babent
749 3985 858 4040 Attium.
894 3983 938 4038 Ci.
955 3982 1012 4038 Cic.
1033 3979 1113 4036 offic
1133 3977 1181 4044 111,
1208 3979 1255 4042 21,

167 4050 211 4108 84.
229 4052 318 4126 ibique
330 4051 449 4114 Iteieraru
462 4059 491 4108 et
503 4053 608 4110 bunun.
620 4051 654 4107 ad
666 4053 700 4117 V,
718 4053 759 4118 lt,
780 4055 822 4118 16,
