2738 4442
78 221 197 284 eor
304 182 347 218 ”
424 211 925 324 ursuournrrurtnr
962 221 979 262 ·,

77 357 128 436 '66
135 377 194 447 est,
217 365 275 430 Nec
288 375 386 443 natus,
406 387 453 428 nec
463 369 561 448 saetas
573 374 621 428 est.
663 369 711 428 Fit
721 369 776 428 hoe
788 376 819 428 et
833 367 988 446 multiplex,
1010 367 1096 446 idque
1114 373 1162 428 est
1174 383 1225 426 er-
1238 381 1297 428 tto

134 461 328 536 gnmeutorum
349 471 439 530 genus·
460 475 493 514 ex
512 456 682 527 remotione,
704 473 760 532 quo
774 455 860 514 modo
881 453 1099 514 efficiturtotum
1113 453 1226 526 salsum,

60 593 64 602 ,
134 543 219 604 modo
238 541 285 613 id,
307 540 384 617 quod
403 539 583 616 relinquitur,
605 558 709 600 verum.
751 537 857 598 Totum
876 537 974 597 fulsum
994 537 1037 598 est
1054 537 1108 596 lroe
1125 539 1225 610 modo,

137 625 284 687 Pecuniam
301 623 442 682 credidisse
460 630 486 682 te
505 623 591 683 it'cis:
610 630 661 682 aut
675 624 795 682 habuisti
806 627 876 702 ipss,
897 629 948 681 aut
963 623 997 682 ab
1011 623 1103 700 aliquo
1115 626 1227 702 accepi-

102 719 106 730 '
136 715 190 785 sti,
211 714 261 768 aut
275 709 416 784 invertisti,
438 714 488 768 aut
501 712 665 790 comitanti.
708 707 838 786 Sinuque
853 709 925 766 domi
939 709 1073 781 habuisti,
1093 708 1227 786 inumb

95 797 384 874 attenuarentur,
405 801 572 868 nsccdsra,
593 787 802 853 noncredirlis'ti.
844 793 993 870 Reliquum
1013 793 1045 852 fit
1061 811 1157 852 ventm
1174 793 1228 867 sic,

137 882 194 944 Hic
213 897 320 954 serum,
343 897 419 958 quan
441 877 494 937 tibi
513 879 651 954 viriditas,
673 884 898 956 natumnatum
913 885 969 952 est,
989 883 1039 936 aut
1053 883 1153 951 entus,
1172 883 1228 938 out

137 967 266 1039 domno,
287 970 338 1024 ant
360 969 516 1024 testamento
534 965 661 1040 relictus,
682 969 734 1023 out
754 963 788 1022 ea
809 965 881 1032 toste
899 969 1012 1041 captas,
1033 968 1083 1022 ant
1102 962 1227 1032 alinum

112 1069 117 1085 ·
138 1051 240 1116 deinde
255 1052 367 1110 remotis
380 1051 527 1129 prioribus,
537 1051 674 1132 strpererit
687 1049 799 1110 ab'enus.
830 1049 1027 1120 Periculosum,
1040 1055 1070 1108 et
1081 1041 1142 1108 oum
1157 1065 1228 1108 nuru

137 1137 302 1208 intuendum
316 1153 420 1212 geuus3
441 1135 522 1211 quia,
543 1136 567 1194 si
586 1135 615 1192 iu
632 1135 817 1216 proponendo
836 1133 1084 1211 unumquodlibet
1101 1131 1229 1192 omiseri-

25 1215 26 1222 '
98 1230 217 1294 68mus,
240 1239 302 1280 eum
321 1219 377 1278 risu
396 1237 510 1295 quoque
529 1225 654 1279 totores
665 1219 786 1278 solvitur.
830 1219 946 1292 Tutius,
969 1219 1047 1297 quod
1060 1217 1160 1276 Cicero
1172 1234 1229 1295 pro

141 1308 264 1366 Cecinne
277 1305 359 1378 tacit,
381 1319 442 1362 eum
454 1303 624 1380 interroget,
646 1308 673 1363 si
684 1305 748 1364 baec
762 1307 836 1364 actio
846 1324 899 1363 nors
912 1308 965 1379 sit,
989 1321 1056 1382 quas
1069 1302 1126 1361 sit?
1147 1300 1230 1372 simul

141 1392 215 1452 euim
227 1393 404 1448 removentur
415 1389 515 1448 omniu.
558 1389 625 1462 Vel,
647 1409 708 1449 eum
722 1391 779 1448 duo
792 1395 933 1468 ponentur
943 1390 1017 1468 inter
1029 1407 1060 1448 se
1080 1387 1230 1458 cornuria,

139 1493 257 1553 quorum
269 1475 391 1534 tenuisse
405 1473 566 1532 utrumlibet
578 1474 710 1534 sufficiet:
732 1474 815 1552 quale
827 1476 969 1534 Ciceronis
981 1481 1040 1548 est,
1066 1470 1155 1530 Unam
1167 1473 1232 1549 arsi-

110 1593 114 1606 ‚
141 1561 199 1620 dein
211 1564 293 1633 certe,
313 1579 388 1618 neno
399 1561 450 1617 etit
464 1563 519 1617 tam
533 1563 642 1638 iniquus
658 1559 794 1633 (tuentio,
816 1564 865 1640 qui
883 1560 949 1618 miti
967 1577 1020 1617 nors
1041 1555 1182 1634 comedat:
1202 1557 1231 1614 si

141 1649 240 1705 morast
255 1650 406 1723 corruptum
423 1643 494 1703 iilud
514 1643 728 1718 certissimum,
751 1649 802 1703 aut
816 1646 850 1702 nb
865 1643 985 1719 Habito,
1009 1649 1059 1702 aut
1073 1643 1108 1700 ab
1122 1642 1231 1720 Oppia-

142 1735 203 1790 nico
219 1747 273 1788 esse
286 1734 456 1806 corruptumst
476 1732 502 1786 si
518 1727 595 1788 clocca
613 1747 664 1786 non
685 1731 720 1786 ab
733 1729 853 1804 Habito,
875 1733 953 1788 uinco
967 1729 1002 1789 ab
1019 1729 1181 1806 Oppiasu'm5
1202 1727 1295 1792 sittr

101 1826 135 1881 69
145 1815 249 1874 ostendo
263 1816 296 1872 ab
306 1815 470 1892 Oppianico,
490 1832 579 1889 purgo
590 1811 733 1872 Habitum
765 1814 814 1872 Fit
825 1817 908 1874 etiam
922 1831 956 1875 ex
968 1815 1089 1888 duobus,
1111 1830 1232 1890 quorum

143 1919 255 1961 necesse
268 1904 326 1972 est,
348 1898 509 1956 alterutrum
522 1898 644 1972 eligendi
656 1899 814 1959 adversario
827 1906 967 1980 potestas,
986 1899 1175 1976 efficiturque,
1188 1903 1233 1972 ut,

145 1981 238 2044 utr'unt
250 1983 381 2061 elegerit,
402 1988 509 2041 noceat.
551 1981 632 2042 Furit
651 1983 703 2041 hoc
718 1985 816 2042 Cicero
832 2001 885 2061 pro
898 1977 1010 2064 Oppio,
1035 1981 1150 2058 Utrum,
1171 2001 1233 2041 cum

147 2071 253 2130 Cottam
267 2071 424 2147 appetisset,
444 2087 480 2126 an
494 2085 552 2126 eum
566 2071 622 2146 ipse
637 2069 691 2126 sese
704 2075 842 2128 conaretur
857 2069 989 2142 occidere,
1011 2065 1091 2126 telam
1107 2071 1133 2127 ei
1147 2087 1160 2125 e
1172 2085 1231 2128 nta-
1290 2118 1296 2126 .

145 2157 223 2238 nibus
237 2160 351 2232 ereptum
365 2154 426 2213 est?
466 2151 506 2212 Et
519 2173 570 2232 pro
581 2153 709 2228 Vareno,
732 2155 814 2232 Optio
827 2155 900 2212 uobis
913 2154 1013 2228 datur,
1035 2159 1127 2212 atrum
1142 2153 1233 2214 uetitis

146 2261 212 2302 casu
230 2240 278 2299 illo
296 2243 388 2300 itinere
408 2238 538 2298 Varenum
560 2259 637 2298 usum
658 2259 727 2312 esse,
755 2259 792 2298 an
816 2240 896 2298 boias
914 2258 1045 2316 pereum
1064 2243 1090 2298 ct
1109 2237 1235 2298 inductu.

104 2334 140 2386 70
147 2326 258 2386 Deinde
270 2329 387 2399 utreque
399 2325 465 2381 fucit
477 2325 629 2381 accusetori
643 2325 788 2382 contraria.
821 2324 934 2383 Interim
949 2325 1009 2382 duo
1017 2325 1059 2380 ite
1072 2341 1236 2401 proponun-

146 2417 208 2484 tur,
231 2414 261 2465 ut
271 2407 431 2466 utrumlibet
447 2405 563 2464 electum
578 2408 651 2466 idem
672 2407 787 2479 effleiut3
809 2409 890 2486 quale
909 2419 968 2482 est,
991 2406 1236 2486 Pbt'tasoplrantlun

147 2501 203 2566 est,
224 2494 330 2552 etiamsi
342 2511 393 2550 non
408 2495 446 2548 est
455 2489 700 2568 philosophantium.
731 2491 770 2556 Et
782 2493 851 2552 illud
864 2493 1022 2570 vulgatum,
1046 2493 1107 2562 Quo
1120 2493 1236 2568 sclternu,

148 2585 174 2640 εἰ
186 2577 366 2654 intelligitur?
388 2595 456 2654 qao,
484 2578 510 2632 si
523 2596 573 2634 non
585 2575 770 2653 intelligitur?
797 2575 851 2652 Et,
880 2577 1069 2640 Mostietnrin
1091 2581 1237 2650 tormentis,

110 2707 120 2720 .
149 2668 198 2745 qai
209 2663 320 2724 balmen
329 2665 394 2742 pati
401 2665 505 2741 potest:
523 2664 681 2736 mentietur,
704 2666 752 2742 qai
765 2682 817 2721 non
827 2669 922 2743 potert.

216 2885 290 2952 §·68.
306 2900 355 2956 pro
372 2883 502 2953 cecinna]
518 2899 567 2952 pro
582 2883 696 2938 Caecina
711 2883 835 2938 scribitur
849 2884 920 2954 apud
934 2883 990 2938 cte.
1026 2879 1085 2937 vid.
1101 2900 1123 2936 a
1140 2883 1182 2940 tn

218 2955 235 3017 δ
249 2955 291 3008 68.
313 2953 464 3019 Ciceronis]
489 2969 537 3020 pro
552 2951 656 3006 Cluent.
670 2971 693 3006 c.
706 2956 748 3009 23.

217 3020 292 3086 569.
311 3038 416 3088 quoram
435 3037 537 3073 neccsse
552 3030 605 3087 est,
632 3025 785 3076 alterutnum
804 3021 920 3096 eligendi
933 3022 1085 3075 ademario
1101 3019 1238 3090 pamas]

149 3089 208 3143 Hoc
228 3090 385 3142 contractius
404 3089 499 3141 dicitur
516 3107 562 3158 pro
581 3107 687 3160 amonem
703 3095 803 3144 nescire
823 3099 862 3144 est
883 3090 1036 3142 atterutrum
1058 3089 1135 3160 eligi,
1152 3091 1240 3142 alter-

148 3168 236 3212 utrum
250 3159 367 3228 eligendi
380 3159 442 3210 artu.
455 3165 581 3226 potestas.
617 3159 723 3212 Plurimi
737 3160 822 3212 Codd.
840 3159 937 3212 hubent
956 3177 1056 3212 necesse
1069 3166 1107 3211 est
1124 3159 1240 3212 alterum

148 3245 253 3294 oerum,
277 3229 344 3358 Quod
362 3228 443 3284 Goth.
469 3227 541 3280 Voss.
563 3229 599 3280 2.·
616 3228 682 3280 Vull.
702 3237 730 3281 et
748 3229 846 3297 Regius
865 3245 896 3280 ex
918 3229 984 3280 corti.
1004 3227 1142 3280 mutantia
1155 3229 1240 3280 alter-

147 3307 243 3382 utram.
307 3313 432 3381 uunquam
446 3298 512 3364 Reg.
527 3297 583 3349 vult
598 3299 745 3350 neccssaria
759 3307 798 3351 est
815 3297 868 3366 (sic
888 3297 1167 3382 ntuetr-atteramur
1188 3295 1240 3348 eli-

121 3368 230 3521 *itt
245 3365 1105 3518 itiit‘ss'zttftttil‘itt..¹’⁰t;ttt‘lrittttuttl
1119 3365 1240 3488 {Yii
1294 3463 1298 3470 .

149 3505 1173 3656 :littttttttitti‘t‘qutttritts2l⁰pittt¹3¹tttttittttr
1187 3507 1243 3632 :tt

150 3641 233 3694 lutere
250 3642 276 3696 in
295 3644 442 3695 necessaria
460 3641 565 3694 Codicis
579 3641 642 3694 Alm.
661 3647 708 3696 eut
725 3643 843 3696 omissum
866 3657 906 3696 est
922 3645 958 3696 sit
975 3642 1008 3696 uti
1025 3657 1124 3694 reram.
1159 3639 1241 3702 Quod

150 3709 251 3796 Vll‚2,
272 3711 312 3766 12
332 3710 545 3780 legituruietetur
566 3712 655 3782 atique
670 3713 781 3765 alteram
801 3727 907 3775 onoma
929 3727 980 3764 uon
997 3711 1087 3773 eadem
1101 3708 1243 3780 utriusque

133 3779 200 3918 [lom
221 3779 425 3916 babilli&
448 3849 519 3922 ipsc]
542 3849 589 3901 Sic
610 3850 693 3902 Goth.
710 3851 784 3902 Voss.
805 3853 830 3906 2.
852 3850 933 3918 Cspp.
955 3855 982 3901 et
999 3849 1090 3916 fragm.
1113 3846 1171 3900 cte.
1190 3861 1244 3916 pro

150 3919 273 3986 vulgate,
297 3935 313 3971 a
334 3919 423 3987 Spuld.
444 3924 528 3970 temen
552 3925 672 3999 cerreta,
690 3928 738 3972 aut
757 3936 814 3971 eam
830 3920 898 3986 ipsc,
925 3919 999 3970 cuius
1022 3915 1165 3986 porticulus
1189 3931 1246 3998 ope

65 3993 70 4002 “
152 3988 218 4040 mele
234 3987 393 4057 interroges,
414 3987 447 4038 rb
461 3994 519 4037 utro
534 3986 640 4039 conerlro
655 3987 802 4054 prohibitus
815 3985 849 4039 sit
862 3985 965 4056 Oppius
981 3985 1122 4055 (Ereptum
1136 3985 1243 4038 eleum

109 4093 119 4110 .
151 4055 231 4107 telum
245 4073 302 4108 esse
314 4063 413 4109 certum
427 4054 492 4120 est.)
508 4052 516 4104 i
537 4070 565 4105 so
582 4063 687 4106 auctore
705 4055 796 4119 Quint
814 4055 836 4122 l,
855 4055 881 4121 5,
897 4057 940 4111 50.
975 4057 1073 4110 contro
1087 4053 1160 4107 multi
1176 4069 1244 4124 pes-

152 4129 246 4176 uerunt
265 4131 518 4195 anproautpoueu
564 4137 621 4192 sup.
637 4125 654 4190 S
667 4120 709 4178 44.
826 4153 838 4172 .
1063 4143 1069 4150 ·
