2738 4442
139 173 202 244 rm
324 209 328 216 .
439 117 994 272 *u'ruuomurrmuuc
1085 243 1097 274 Ι

138 326 268 408 gnificat,
293 320 345 382 sed
365 338 439 380 mmo
453 318 490 378 de
508 337 542 378 eo
566 335 623 378 non
640 316 791 394 lequinium
819 315 951 391 alterum,
978 333 1036 396 quo
1055 317 1222 380 sententium

82 481 85 486 ,
113 425 200 480 ecum
212 409 333 470 ratione:
354 407 475 476 tertiam,
497 419 552 479 quo
569 409 670 462 certaris
684 403 822 480 quandam
835 403 992 479 arguuenti
1006 401 1220 477 conclusionem,

137 497 229 564 velex
245 491 489 566 consequentibus,
511 486 559 546 vel
570 507 604 548 ex
623 487 855 564 repugnantibusr
877 505 1035 566 quanquam
1049 488 1086 547 de
1099 487 1151 548 boc
1169 507 1222 566 pa-

137 601 198 644 rum
210 576 344 640 convenit.
386 576 460 632 Sunt
471 573 558 644 euim,
580 573 628 648 qui
640 571 707 630 illud
716 573 793 654 prius
806 573 962 650 epichirema
976 573 1087 631 dicant:
1114 571 1222 650 plures-

138 687 194 746 que
211 662 333 722 invenies
352 661 382 719 in
401 678 435 721 ea
457 658 604 737 opinione,
627 664 659 714 ut
678 659 708 714 id
727 658 853 730 demum,
883 657 960 736 quad
980 676 1078 735 pugna
1101 663 1222 734 constat,

36 803 38 808 ,
138 751 299 827 orthpmema
314 745 400 822 accipi
412 743 511 812 velint3
533 751 561 802 et
574 742 638 803 idea
652 740 718 818 illud
731 742 894 803 Cornificius
913 745 1075 808 castrutium
1088 741 1221 820 appellat.

110 838 219 896 illinus
231 831 278 890 alii
290 831 446 896 rhelorr'cum
460 827 658 906 syllogismum,
679 827 726 884 alii
745 826 926 904 imperfectam
938 827 1122 906 syllogismum
1136 847 1223 886 voca-

137 924 249 990 rernnt,
278 917 344 993 qnia
363 933 416 973 nec
441 911 592 984 distinctis,
628 930 680 970 nec
704 911 824 971 totidem
847 912 973 990 partibus
999 911 1241 978 cuududereturr'

111 1005 214 1085 iqnod
231 1021 299 1062 sane
315 1019 373 1058 non
389 999 487 1074 ntique
506 997 542 1056 ab
562 1002 677 1054 oratore
693 996 876 1057 desideratur.
918 995 1093 1074 Epicharmus
1105 993 1287 1072 Valgiuseao

138 1089 333 1168 aggressionem
349 1088 443 1154 vocat3
466 1081 564 1140 Celsus
580 1087 674 1140 autem
691 1081 811 1155 indicat,
832 1100 889 1141 uon
905 1087 1030 1143 nostram
1048 1082 1224 1142 administra·

138 1169 258 1245 tionem,
279 1171 330 1232 sed
342 1170 428 1248 ipsam
441 1185 619 1244 ram‚·quam
633 1167 825 1241 aggredimur,
848 1159 878 1226 id
890 1173 934 1225 est
943 1172 1151 1244 mgunnentum,
1165 1185 1223 1242 quo

139 1259 244 1338 aliquid
261 1254 404 1334 probaturi
424 1271 548 1322 sumus,
564 1252 670 1311 etiamsi
689 1251 812 1310 nondruu
832 1250 923 1310 verbis
947 1252 1137 1330 explanatum,
1166 1250 1223 1310 iam

113 1353 233 1406 itmnen
247 1345 340 1400 mente
353 1341 529 1413 conceptum,
550 1336 707 1414 epichirema
726 1335 788 1396 dici.
831 1334 900 1417 Aliis
916 1337 1041 1410 ridetur,
1061 1354 1119 1395 non
1136 1336 1224 1395 desti-

138 1436 250 1500 nabam,
270 1423 314 1484 vel
327 1423 500 1494 inchoatam,
521 1422 572 1480 sed
583 1423 734 1498 perfectam
744 1420 937 1499 probationem
959 1421 1013 1480 boc
1031 1439 1133 1482 nomeu
1152 1420 1225 1480 auci·

137 1534 215 1596 pere,
228 1517 257 1571 et
269 1509 393 1568 ultimam
403 1506 541 1585 speciem:
562 1506 683 1583 ideoque
695 1506 809 1584 propria
822 1506 880 1566 eius
892 1505 1051 1584 appellatio,
1063 1513 1094 1566 et
1105 1508 1225 1569 maxime

137 1603 168 1660 in
178 1620 230 1658 usn
243 1597 333 1676 posita
346 1599 404 1664 est,
426 1610 482 1667 qua
497 1591 665 1667 significatur
682 1597 765 1666 serta¹
777 1591 914 1667 quaedam
927 1589 1083 1654 sententiae
1097 1609 1226 1669 compre-

113 1685 251 1755 bhensio,
272 1698 344 1756 quae
359 1677 491 1738 extribus
504 1676 784 1758 minimumpartibus
796 1681 927 1758 constat
958 1675 1081 1746 Quidam
1094 1675 1223 1753 epichire-

135 1791 181 1830 ma
201 1769 329 1828 rulimem
347 1760 534 1839 appellarunt3
556 1761 655 1822 Cicero
677 1758 773 1818 melius
793 1762 1223 1837 raliaciaab'ooemrquanquam
1261 1791 1266 1798 ·

138 1862 169 1916 et
178 1854 223 1913 ille
237 1867 338 1910 nomen
349 1847 403 1904 hoc
413 1845 525 1904 duxisse
536 1845 625 1921 magis
639 1843 827 1920 asyllogismo
841 1845 959 1904 videtin.
990 1845 1067 1906 Nam
1079 1841 1225 1907 statatum

135 1937 347 2016 syllogisticum,
360 1931 579 1996 ratiocinativum
594 1930 733 2008 appellat,
750 1928 936 2008 excarplisque
948 1932 1035 1991 utitur
1043 1929 1285 2010 philosophe-ser

137 2045 207 2085 rum.
250 2020 306 2092 Et,
326 2017 456 2093 quoniam
474 2022 517 2082 est
536 2015 673 2094 quaedam
686 2015 759 2074 inter
769 2013 951 2092 rplhsgismom
966 2015 1167 2092 etepichirema
1182 2017 1231 2092 vi<

111 2119 129 2171 7
135 2111 248 2179 ciuitas,
268 2108 364 2184 potest
382 2100 469 2162 rideri
487 2101 540 2160 hoc
558 2101 670 2160 nornine
687 2107 762 2174 recte
776 2101 886 2162 abram.
928 2091 1095 2174 Ἀπόδειξις
1110 2105 1154 2160 est
1168 2103 1225 2160 Μ’.

138 2196 202 2256 deru
218 2192 358 2272 prohelio,
386 2187 508 2261 ideoque
529 2186 604 2264 apud
624 2187 789 2247 Geometras
809 2183 975 2268 ppoppcecl
996 2177 1163 2260 ἀποδείξεις
1181 2186 1225 2244 di·

138 2287 245 2342 cuntur.
287 2273 370 2335 Hanc
389 2277 419 2332 et
430 2271 466 2328 ab
484 2270 666 2348 epichiremate
678 2269 813 2330 Caecilius
824 2277 907 2350 putet
918 2271 1031 2330 differre
1046 2271 1105 2330 colo
1121 2289 1226 2348 genere

54 2357 66 2385 ”
138 2360 337 2429 eoudusiouis,
356 2363 386 2416 et
401 2375 464 2414 esse
476 2355 606 2433 apodicia
620 2355 803 2432 imperfectum
821 2355 995 2432 epichirema,
1017 2355 1116 2416 eadem
1132 2373 1226 2428 caum,

138 2468 195 2528 qua
208 2445 324 2505 diximus
337 2441 499 2518 enthymema
511 2439 665 2518 syllogismo
681 2441 793 2498 distare.
836 2440 911 2500 Nam
928 2447 958 2501 et
971 2440 1129 2518 epichirema
1141 2440 1226 2517 syllo-

139 2533 226 2614 giemi,
232 2547 297 2610 par
311 2532 362 2588 est.
406 2524 528 2592 Quidam
539 2525 628 2584 inesse
641 2523 831 2600 epichiremati
840 2519 970 2604 apodixin
982 2531 1099 2604 putant,
1121 2531 1151 2586 et
1163 2544 1225 2586 esse

115 2625 246 2701 apartem
257 2616 315 2676 eiua
328 2610 541 2673 confirmantem.
585 2609 742 2692 Utrumque
756 2615 865 2683 autem,
887 2629 1045 2689 quanquam
1058 2610 1159 2682 direci
1174 2630 1225 2670 au-

139 2713 245 2773 ctores,
267 2700 366 2758 eodem
386 2697 470 2753 modo
490 2695 607 2768 finiunt,
629 2701 661 2753 ut
681 2695 718 2752 sit
739 2696 809 2752 ratio
828 2715 879 2773 per
899 2715 947 2769 ea,
969 2714 1042 2773 quae
1057 2701 1135 2758 reema
1148 2701 1225 2770 suut,

66 2851 68 2856 ,
139 2789 251 2850 incertis
265 2783 348 2841 fidem
367 2795 424 2839 non
442 2780 554 2838 dubiam
570 2780 704 2843 afferens:
727 2799 801 2856 quae
815 2787 913 2840 natura
933 2787 977 2841 est
997 2781 1118 2843 omnirun
1139 2798 1224 2856 argu·

126 2876 310 2939 'mentorum
329 2882 421 2939 neque
440 2865 513 2924 enim
532 2870 608 2924 certa
627 2865 737 2923 incertis
751 2863 932 2926 dederentur.
975 2865 1055 2926 Haec
1068 2866 1162 2924 omnia
1174 2884 1225 2941 ge·

140 2956 270 3018 neraliter
284 2952 398 3022 πίστεις
410 2949 563 3027 appellant:
585 2950 663 3025 quod
676 2950 785 3008 etiarnsi
799 2952 913 3028 propria
932 2951 1163 3028 interpretatione
1181 2950 1226 3008 di·
1264 2979 1270 2994 ·

15 3035 24 3046 ’
140 3060 204 3118 cere
215 3037 300 3118 fidem
316 3054 475 3113 possumus,
507 3034 628 3112 apertius
653 3040 747 3096 temen
768 3035 947 3113 probatiorem
972 3035 1224 3115 interpretabimur.
1234 3058 1287 3106 393

142 3179 353 3198 -υ-ι--Ὗ

211 3259 228 3326 ς
242 3259 267 3314 6.
288 3254 393 3323 Cicero]
412 3253 446 3306 de
459 3253 560 3307 lavent·
572 3253 594 3320 l,
611 3255 654 3310 31.
673 3257 700 3306 et
712 3252 755 3310 34.

210 3328 265 3394 §2
285 3325 354 3383 Nam
368 3331 394 3377 ct
407 3323 562 3392 epichirema
574 3325 718 3392 syllogismi
727 3339 791 3392 pars
805 3321 871 3390 ert]
886 3323 962 3376 lianc
977 3324 1087 3378 amnium
1102 3323 1225 3381 librorum

142 3395 276 3452 lectionem
292 3393 364 3446 Galli
379 3394 553 3446 vascosanum
567 3393 750 3453 munusculi,
767 3399 820 3446 tum
832 3393 977 3446 Gesneret
995 3394 1087 3462 Spald.
1106 3403 1225 3448 mutare

142 3463 275 3534 runt-sic,
292 3469 322 3516 ut
337 3477 383 3532 pro
401 3461 556 3529 epichirema
569 3461 878 3530 pauereutcuthpmsma,
895 3463 970 3532 quasi
985 3480 1028 3516 res
1039 3463 1097 3545 ipsa
1107 3471 1224 3530 cogeret.
1251 3499 1254 3502 -

145 3535 223 3596 Quou
247 3531 367 3602 equidem
385 3547 435 3582 non
454 3529 538 3582 sides.
579 3529 646 3582 Nam
667 3547 722 3581 cum
744 3529 833 3592 Quint.
854 3529 1027 3612 syllogismum
1046 3531 1225 3601 unperlecturn

142 3601 252 3659 dirimet
267 3601 425 3669 enthymema
437 3602 454 3664 5
467 3600 509 3663 ias
527 3614 578 3651 non
591 3597 701 3651 decebat
715 3599 739 3650 b.
753 3597 780 3663 l.‚
793 3589 837 3650 ubi
848 3599 881 3654 de
894 3601 1077 3670 epichiremate
1093 3615 1226 3669 expansu·

101 3737 106 3742 ¹
144 3671 203 3726 dum
215 3674 283 3732 erat,
300 3685 435 3720 recurrere
449 3669 483 3720 ud
498 3667 670 3735 enthymema,
688 3668 758 3736 quod
769 3685 802 3720 ne
812 3676 1032 3724 commemorasset
1044 3668 1155 3739 quidem,
1172 3667 1227 3724 nisi

145 3739 251 3794 eundern
261 3736 389 3790 radonem
403 3736 565 3790 intercedere
584 3736 673 3790 dicere
690 3737 770 3790 vellet
788 3737 858 3790 inter
876 3739 997 3808 apodixin
1013 3744 1041 3792 et
1058 3737 1226 3809 epicurea.

144 3825 221 3894 quam
234 3805 304 3860 ider
315 3806 476 3873 euthymema
488 3812 516 3860 et
529 3805 710 3876 syllogismum.
745 3805 853 3860 Accedit
862 3807 934 3874 quod
951 3808 1108 3876 epichirema
1121 3805 1166 3863 clii
1178 3823 1228 3867 ra-

35 3885 40 3892 “
144 3885 242 3938 morem
255 3874 402 3958 appellent,
438 3892 486 3956 nup
498 3883 538 3928 est
551 3889 612 3944 pars
626 3875 783 3944 syllogismi,
802 3874 924 3996 νὶᾱ.,ξι6.
947 3877 1006 3932 Nec
1018 3878 1100 3931 minus
1112 3875 1227 3933 dunum

147 3952 188 3999 ert
212 3944 368 4015 epichirema
388 3961 417 4012 sy
437 3959 549 4010 agunto,
565 3957 640 4009 quam
660 3943 828 4009 euthymema.
900 3943 918 3997 d
939 3962 973 3998 ne
998 3949 1102 4016 poterat
1140 3940 1229 4000 uidem

147 4014 308 4080 enthymema
327 4019 427 4082 purtem
447 4013 535 4062 dicere
554 4009 717 4080 syllogismi,
736 4025 791 4064 curn
810 4011 966 4067 rhetoricum
987 4015 1030 4066 rel
1046 4014 1115 4082 impe

147 4079 321 4150 syllogismum
336 4079 452 4132 ciuisse
487 4077 585 4132 Totum
600 4093 663 4132 vero
679 4090 728 4132 uon
738 4083 827 4150 potest
841 4079 910 4136 idem
927 4099 988 4152 pon
1000 4099 1059 4136 esre
1071 4081 1140 4139 'acis
