2774 4444
121 141 124 144 ’
150 143 215 208 141
412 133 482 214 [Μ.
509 135 606 202 FAB.
633 136 937 211 QUINTILIANI

149 311 301 377 omnesque
324 315 389 358 suos
408 300 497 356 statru
518 293 655 370 habeant,
683 313 782 356 meae
799 300 894 354 tamen
914 297 1005 354 status
1022 295 1162 370 adussit,
1191 295 1232 356 ad

147 403 234 463 quem
251 385 406 444 retentatur
426 383 531 440 omnia:
554 381 594 438 ita
612 381 742 438 iudicatio
759 382 876 450 mansue
895 380 1024 458 propria,
1045 381 1083 438 de
1095 399 1152 458 qua
1164 399 1231 459 pro·

124 470 301 533 9nuneiatar.
343 461 478 546 Συνὲχον
499 472 592 524 autem
611 464 719 542 (quod,
739 471 772 523 ut
792 465 865 538 dixi,
896 468 1030 533 continens
1045 466 1106 539 alii,
1127 467 1230 544 firna-

148 560 261 614 arentum
280 551 327 610 alii
345 557 462 630 putant,
484 551 582 610 Cioero
593 551 779 628 Jirusissitnam
799 550 1229 629 argurnentatr'onerndsfesuoris,

123 655 128 664 ·
150 644 176 700 et
194 639 416 716 opponn'rsimarn
435 636 472 696 ad
491 635 693 712 iudicationem)
714 636 879 712 quibasdam
895 635 925 694 id
943 636 1054 694 videtur
1067 656 1149 712 esse,
1165 643 1230 716 post

150 723 227 802 quod
238 723 305 781 nihil
317 725 473 800 quaeritur:
494 721 659 800 quibusdam
670 721 718 794 id,
741 721 818 797 quod
836 719 874 777 ad
893 719 1088 780 iudimtionem
1105 722 1231 782 firmissi-

110 817 225 873 tomum
237 808 360 869 affertur.
403 807 496 868 Causa
513 807 580 866 faeti
595 825 653 866 non
666 807 695 864 in
708 824 804 864 omnes
815 806 1017 871 controversias
1028 808 1111 866 eadit
1153 807 1231 868 Nam

150 913 223 972 quae
242 895 327 952 fuerit
345 911 428 952 causa
446 893 581 965 faciendi,
601 893 648 950 ubi
667 893 770 950 factura
782 887 922 966 negaturi
964 889 1062 949 Atubi
1075 911 1158 950 eausa
1170 899 1231 952 tra-

144 983 256 1051 ,etatur,
277 985 384 1054 negant
397 978 494 1037 eodem
505 976 566 1036 ioco
582 995 642 1036 esse
653 976 861 1048 iudicationem,
884 993 939 1051 quo
952 977 1152 1058 quaestionum
1182 977 1231 1036 ld-

110 1073 142 1128 11
150 1084 206 1143 que
225 1069 256 1122 et
274 1064 304 1121 in
317 1063 473 1125 Rhetoricis
485 1063 583 1120 Cicero
602 1067 632 1120 et
649 1061 678 1118 in
692 1059 891 1120 Partitionibus
911 1060 989 1120 dicit,
1030 1060 1107 1124 Nam
1121 1063 1152 1121 in
1164 1075 1293 1122 eon-2⁹8

146 1151 254 1210 iectura
271 1155 314 1207 est
333 1149 460 1224 quaestio
483 1165 517 1205 ex
534 1144 597 1220 ilio,
620 1143 750 1215 Foetam3
771 1165 823 1203 non
835 1145 963 1224 factum
991 1165 1028 1204 an
1043 1145 1230 1224 factumst?

149 1234 192 1294 lbi
212 1252 280 1310 ergo
301 1233 450 1306 iudicatio,
470 1229 518 1289 ubi
536 1231 677 1308 qnae‘stio:
699 1231 763 1306 quia
782 1231 811 1288 in
831 1225 929 1290 eudem
943 1251 974 1290 re
991 1233 1080 1309 prima
1092 1235 1231 1310 quaestio,

150 1325 180 1380 et
198 1324 320 1377 extrema
339 1318 513 1397 disseptatio.
554 1315 594 1375 At
620 1317 650 1376 in
669 1315 818 1392 qualitate,
850 1313 970 1374 Matrem
993 1317 1098 1376 Orestes
1117 1319 1230 1380 oceidit:

88 1448 94 1458 .
148 1409 234 1472 recte,·
254 1421 306 1461 non
323 1409 407 1473 setta·
428 1403 471 1460 An
488 1406 557 1460 recte
576 1401 722 1460 oscidatt?
743 1402 884 1478 quaestio,
906 1420 957 1461 nee
978 1404 1071 1462 statim
1091 1405 1229 1466 iudicatio.

151 1489 272 1558 Quando
286 1486 376 1565 ergo?
407 1487 473 1546 uta
489 1494 592 1565 putrem
606 1505 689 1545 meaos
708 1485 856 1555 oen'derat5
879 1485 935 1544 Sed
948 1506 998 1546 non
1009 1487 1068 1546 ideo
1079 1494 1109 1548 tu
1120 1497 1230 1550 matrem

109 1577 143 1632 12
150 1575 267 1634 debuisti
275 1574 407 1643 occidw
419 1573 462 1631 An
473 1572 609 1631 debuerit?
622 1573 665 1630 hie
676 1572 814 1634 iudieatio.
835 1572 1053 1634 Firmamentum
1063 1581 1157 1636 autem
1168 1596 1232 1636 ver·

149 1661 192 1718 bis
210 1653 296 1738 ipsius
314 1677 433 1737 ponam,
453 1661 479 1717 si
492 1657 556 1716 uelit
572 1658 678 1715 Orestes
689 1657 775 1714 dicere
788 1657 916 1718 simmaa
926 1663 1045 1718 animum
1057 1665 1154 1720 matris
1168 1679 1232 1722 ntae

150 1747 179 1804 ia
187 1749 291 1823 patrna
302 1765 395 1818 mum,
416 1748 446 1802 in
461 1761 488 1801 se
498 1745 584 1822 qaam
596 1761 630 1800 aa
642 1760 757 1815 suares,
777 1745 806 1800 in
821 1761 949 1818 regnum,
971 1745 1114 1823 insumant
1127 1751 1231 1824 generis

152 1849 186 1888 aa
202 1827 345 1907 familiae,
361 1835 405 1888 ut
423 1829 457 1887 ab
479 1847 510 1886 eu
526 1847 625 1906 poenas
647 1825 726 1885 tiberi
740 1829 784 1885 sui
799 1833 967 1906 potissimum
981 1837 1069 1907 paese
1088 1832 1230 1893 debuaiat.

109 1917 143 1972 13
151 1913 277 1974 Utuntur
295 1913 342 1974 alii
362 1920 394 1973 'et
412 1914 514 1973 talibus
536 1913 681 1992 exemplis:
704 1912 762 1978 Qui
772 1914 841 1973 bona
856 1920 972 1994 patena
995 1911 1178 1994 consumserit,
1199 1937 1232 1978 ne

80 2031 84 2040 ·
151 2003 329 2069 contionatur,-
350 2003 379 2058 in
397 1997 593 2078 operapubtico
613 2003 770 2068 cmsumsit5
791 2001 934 2078 quaestio,
956 2001 1017 2075 An,
1038 2008 1157 2082 quisquis
1169 2022 1231 2063 con·

109 2081 144 2142 14
150 2088 288 2159 sumserit,
306 2083 482 2164 probibendus
493 2085 552 2143 n'tt
573 2085 720 2158 iudicatio,
741 2085 784 2143 Au
799 2088 847 2166 qui
859 2087 920 2144 sie?
941 2085 984 2145 vei
996 2093 1029 2146 ut
1043 2090 1071 2146 in
1084 2109 1167 2150 eausa
1179 2092 1232 2150 mi·
1251 2105 1257 2116 “

149 2169 204 2230 litis
215 2170 332 2246 Arunei,
354 2173 401 2248 qui
416 2173 449 2229 C.
463 2170 580 2230 Lusium
590 2171 746 2245 tribunum,
758 2171 814 2230 vim
827 2172 879 2230 sibi
893 2173 1072 2247 inferentem,
1085 2175 1232 2250 interfecit,

150 2258 293 2334 quaestio,
321 2255 364 2313 An
384 2259 443 2314 iure
457 2255 577 2334 feeerit?
603 2257 690 2330 ratio,
718 2255 787 2334 quod
802 2260 827 2315 is
847 2259 903 2316 utar
920 2256 1067 2333 offmebat5
1093 2263 1232 2336 iudicatio,

110 2341 195 2400 ibdn
212 2339 409 2413 indemnatum,
438 2361 473 2398 an
492 2340 640 2398 Tribunum
662 2361 680 2398 a
699 2341 784 2400 milite
801 2343 889 2401 occidi
906 2345 1072 2420 oportuerit?
1112 2335 1230 2408 Alteiius
1331 2393 1338 2402 .

150 2426 233 2485 etiam
252 2431 342 2484 status
362 2427 569 2502 quaestionem,
599 2423 711 2484 atterius
729 2427 923 2486 iudicationem
942 2435 1052 2506 putant.
1096 2433 1230 2500 Quaestio

151 2510 308 2588 qualitatis,
330 2512 373 2570 Au
389 2516 460 2570 reate
478 2509 599 2570 Clodium
607 2505 680 2568 Meto
700 2512 846 2572 oceidmt?
887 2513 1022 2574 iudicatio
1035 2517 1231 2594 coniecturalis,

109 2598 143 2653 16
150 2597 194 2655 An
204 2596 444 2656 Gadiusinridias
454 2596 578 2676 feeerit?
617 2593 732 2656 Ponant
750 2605 779 2657 et
798 2598 880 2671 iilud,
901 2617 986 2678 saepe
1007 2619 1116 2661 eausam
1134 2605 1163 2661 in
1181 2604 1231 2662 ali-

149 2701 233 2760 quam
247 2703 306 2742 rem
319 2684 433 2758 dimitti,
455 2702 527 2760 quae
546 2701 604 2742 non
622 2683 659 2741 sit
675 2685 792 2762 propria
810 2686 997 2762 quaestionis,
1018 2694 1048 2746 ot
1061 2689 1099 2748 de
1113 2707 1148 2750 ea
1159 2689 1230 2748 iudi-

120 2945 127 2951 .
218 2885 244 2938 8.
262 2901 356 2937 eousoe
371 2893 461 2938 tornea
476 2893 562 2939 status
577 2886 705 2951 unussiti
731 2885 927 2940 Coniunctivmn
942 2888 978 2942 sit
992 2887 1098 2942 Gesner
1111 2890 1230 2962 suspioa·

36 2974 37 2977 ¹
148 2956 192 3006 tur
210 2951 239 3004 iu
264 2961 302 3005 est
323 2971 381 3006 esse
400 2955 562 3019 mutandum
592 2956 653 3008 item
672 2956 762 3008 Wolff.
804 2955 930 3026 Equidem
947 2957 1031 3011 dicam
1050 2960 1119 3028 quod
1138 2961 1229 3014 sentio.

151 3022 251 3074 aaran
263 3021 400 3090 apponitur
413 3023 522 3076 amissae
532 3023 674 3094 particulae
689 3027 792 3094 audem
804 3032 863 3094 post
875 3029 971 3093 plures.
1006 3027 1048 3080 ita
1067 3032 1103 3084 sit
1121 3047 1171 3083 non
1184 3023 1231 3084 rui·

149 3107 213 3155 aus,
231 3107 306 3160 quara
317 3093 446 3156 babeant,
464 3094 591 3162 regituru
607 3113 680 3159 mm,
698 3094 767 3164 quod
785 3111 842 3148 aum
853 3096 923 3150 ⁴ss‘out
938 3096 1036 3164 pariter
1052 3099 1078 3150 ir.
1093 3101 1109 3152 t.
1124 3099 1230 3154 mairan-

72 3193 85 3218 ,
149 3158 233 3232 gitur,
257 3167 337 3230 atque
357 3170 388 3214 ut
404 3163 427 3215 si
442 3161 490 3226 lv,
507 3165 534 3227 2,
553 3166 612 3220 116.
630 3164 665 3216 ad
684 3182 758 3232 quem
779 3163 796 3216 1.
817 3163 877 3218 vide
891 3181 959 3234 quaa
973 3169 1102 3221 narraturi.
1137 3169 1231 3239 Neque

60 3281 62 3288 ,
117 3229 126 3240 ”
148 3229 292 3282 audiendas
314 3231 404 3300 Spatd.
424 3230 468 3302 qui
488 3232 607 3302 quaerit,
632 3250 664 3285 aa
679 3234 877 3302 expungendum
893 3233 929 3286 sit
943 3253 1015 3299 oum,
1034 3237 1157 3292 Codicum
1170 3255 1231 3292 ean-

148 3315 224 3351 seasu
237 3299 299 3352 iilud
331 3299 432 3368 uidem,
450 3308 593 3367 attamen,
610 3301 789 3355 firmissimum.
824 3303 876 3355 Pro
890 3306 1055 3370 referuntur,
1073 3305 1231 3378 quodetiam

147 3367 175 3421 in
191 3368 248 3422 Ra„
262 3317 421 3426 esibus
437 3371 746 3441 eted.0amp.lagitur,
764 3369 1033 3429 (tomitianus.
1050 3376 1117 3429 tens.
1133 3375 1230 3430 stedd.

149 3443 211 3490 aute
224 3439 288 3492 Bari.
302 3447 410 3508 eruenta
425 3440 483 3494 Aio.
499 3443 694 3507 insternatur.
726 3441 794 3497 Bad.
815 3448 844 3496 at
863 3440 941 3496 (iera.
955 3447 1109 3510 resumatur.

219 3509 274 3571 §a
295 3510 400 3577 Cicero]
425 3510 459 3562 de
474 3510 574 3564 invent
592 3510 614 3575 i,
633 3509 675 3567 14.
724 3551 730 3558 -
1061 3543 1070 3558 ι

219 3579 235 3640 §
252 3580 293 3630 10.
310 3579 338 3628 ia
353 3579 556 3647 Partitionibus]
574 3597 596 3632 c.
607 3581 650 3636 80.
668 3631 673 3636 .

217 3648 234 3709 ς
249 3645 290 3699 12.
306 3647 391 3700 dieue
406 3650 532 3702 eiusmodi
546 3651 660 3702 animum
670 3647 854 3719 matrissuae]
877 3647 954 3718 Apud
969 3649 1118 3706 Ciceronem
1130 3651 1231 3706 lavent.

148 3711 171 3778 I,
189 3729 212 3767 a.
228 3710 269 3768 14.
283 3714 380 3784 iegitur
392 3717 558 3784 suaesuisse.
594 3717 672 3780 Quod
690 3719 798 3772 verbam
813 3735 869 3774 aum
883 3716 910 3770 in
927 3719 995 3772 uuila
1015 3720 1084 3774 libro
1096 3723 1186 3785 Qatnu
1205 3721 1231 3774 it.

149 3781 167 3838 l.
183 3781 345 3847 inveniatun
368 3803 419 3838 non
437 3785 513 3850 lieet,
532 3793 561 3838 ut
575 3786 666 3853 Spaid.
683 3794 710 3840 et
725 3787 809 3842 Wolff
822 3790 956 3854 iecerunt,
973 3797 1096 3844 commate
1110 3793 1232 3860 seiunge·

148 3869 179 3906 re
196 3853 302 3907 verbum
323 3855 409 3906 disere
431 3872 448 3907 a
464 3871 537 3923 seqq.
572 3854 674 3909 Deinde
695 3873 784 3922 rocem
805 3859 914 3920 mento,
938 3874 1029 3926 qaam,
1054 3859 1106 3914 etsi
1123 3861 1151 3914 in
1165 3860 1232 3918 coo.

149 3919 241 3976 Turia.
263 3923 350 3980 Gueii.
373 3922 437 3975 blm.
457 3923 538 3974 Goth.
559 3921 635 3980 Voss.
657 3925 726 3978 zet
748 3924 804 3996 ipso
819 3925 954 3982 Ciceronis
967 3926 1023 3984 loeo
1040 3930 1134 3984 omissa
1153 3935 1233 3996 aad,

148 3987 277 4111 mg
298 3997 384 4047 umen
401 3988 428 4048 ia
446 3988 526 4050 uatis
550 3989 671 4064 reliquit,
688 3992 816 4066 expunxi,
828 3993 947 4070 ,inopum
968 3995 1038 4052 iiiam
1057 4005 1167 4072 propter
1185 3999 1232 4056 da-
