2774 4444
127 177 189 242 teo
317 247 323 252 ,
410 129 926 244 sarsuodmrrnmnr
982 135 1027 215 st

124 313 192 410 in,
211 336 245 392 a
259 321 391 390 anum
404 325 611 404 rer-quaein
626 324 785 384 aarum
798 323 888 396 atat,
905 328 997 401 seque
1010 324 1041 384 ru
1055 325 1118 402 egr,
1138 333 1171 386 nt
1183 327 1216 388 m

128 437 226 490 censa,
253 400 291 474 in¹
307 432 363 491 qua
380 413 491 472 vmoere
511 429 570 470 uon
587 411 690 489 possit,
718 409 797 487 queri
820 410 917 487 possit.
958 407 1057 486 ltaque
1074 412 1217 472 hominen

129 503 242 582 quidem
253 498 354 558 mulum
366 502 560 575 occupaturum
580 496 651 556 hanc
669 495 857 554 conditionem
871 495 973 566 finisse,
994 515 1026 554 se
1039 506 1132 556 antem
1149 516 1216 575 pro-

130 589 197 647 bare
216 583 313 655 malle,
342 601 413 658 quae
434 579 568 654 affirmet,
599 599 682 658 quarn
702 579 816 638 dubium
837 581 965 654 cuiquam
982 579 1156 658 relinquere,
1177 599 1216 642 an

22 695 24 702 ·
104 669 271 751 speierarit
312 667 372 726 Sed
392 665 472 724 nobis
495 665 716 725 adolescentibus
734 665 1217 746 senioresiuagendofactipracci·

131 775 200 836 pere
211 752 352 824 solebant,
371 770 404 810 ne
415 769 531 828 noqunm
549 749 736 810 suburanam
752 748 927 828 descumsus:
949 750 1019 809 suut
1031 769 1124 828 neque
1136 753 1216 831 optio

131 839 229 898 iudicis
242 837 398 896 adversario
412 841 486 896 esset
497 835 696 914 permittenda,
716 853 768 893 nec
781 852 816 893 ex
827 835 968 894 moneatis
980 836 1067 912 partis
1082 836 1236 898 ebrauc·

131 924 214 984 iudex
229 921 385 998 eligendum
406 939 486 991 nam,
510 921 534 978 si
555 921 646 980 dicere
666 920 803 979 contraria
816 923 900 997 turpe
914 919 1051 980 advocato
1064 918 1215 996 rideretur,
1248 987 1250 994 ,

133 1015 209 1069 certe
221 1007 326 1084 turpius
337 1006 512 1077 habendum,
532 1006 639 1078 facere,
659 1005 737 1082 quod
751 1009 858 1064 noceat

216 1091 277 1150 Vll.
305 1089 440 1150 Marimm
459 1095 554 1150 tamen
573 1092 697 1168 patronis
714 1090 785 1148 circa
805 1090 956 1148 testimm'u
975 1091 1060 1148 sudor
1078 1097 1131 1150 est.
1171 1089 1288 1151 Eaa'ta.

134 1178 262 1237 dicnuurr
277 1179 325 1234 aut
337 1196 388 1254 per
400 1174 523 1248 tubulus,
545 1180 594 1234 aut
605 1195 625 1232 n
633 1175 824 1250 praesciae.
862 1174 1020 1252 Simplicior
1032 1181 1122 1234 cnam
1135 1175 1216 1242 babu-

60 1287 76 1302 .,
134 1262 176 1321 bns
186 1279 290 1339 pugna.
315 1257 390 1318 Nam
405 1266 433 1318 et
446 1260 536 1318 miuus
549 1259 689 1318 obstitisse
700 1259 809 1318 ridetur
817 1259 909 1336 pudor
920 1259 993 1318 inter
1005 1279 1108 1337 paunus
1123 1261 1219 1336 signa·

34 1399 40 1404 .
134 1353 224 1416 tores,
244 1349 274 1402 et
290 1363 342 1421 pro
361 1343 518 1404 diffidentia
537 1345 671 1422 premitur
685 1345 818 1402 absentia.
860 1343 893 1400 Si
906 1344 1147 1421 reprehensionem
1156 1361 1219 1404 non

110 1429 210 1506 ecapit
220 1431 282 1506 ipsa
293 1447 428 1506 persona,
449 1429 582 1488 iniamare
593 1430 748 1504 signatores
762 1428 836 1486 licet.
864 1425 964 1492 Tacita
975 1435 1121 1506 praeterea
1132 1447 1218 1507 qnae·

135 1515 199 1575 dam
219 1513 350 1587 cogitatio
370 1514 526 1588 refragatur
545 1513 588 1570 his
610 1514 763 1587 omnibus,
778 1512 856 1589 quod
874 1532 956 1572 nemo
970 1531 1019 1590 pes
1038 1515 1147 1582 tubulus
1167 1515 1219 1594 dat

134 1597 339 1670 testimonimu,
366 1597 420 1655 nisi
437 1615 488 1655 sua
504 1597 660 1656 voluntate:
682 1617 739 1674 quo
759 1598 820 1674 ipso
840 1616 897 1656 non
917 1617 978 1656 esse
996 1600 1122 1658 amictum
1133 1600 1159 1658 ei
1176 1619 1229 1688 se,

85 1741 88 1748 ,
135 1687 232 1743 contra
250 1701 332 1758 quem
346 1681 427 1752 dicit,
447 1683 557 1740 fatetur.
600 1680 702 1757 Neque
720 1687 814 1740 tamen
836 1683 962 1758 protinus
983 1685 1093 1744 cessem
1114 1688 1218 1759 arator,
1261 1749 1264 1756 Ι

85 1760 88 1768 ’
135 1767 298 1844 quominus
320 1771 351 1822 et
367 1765 469 1822 amicus
491 1783 543 1842 pro
562 1765 665 1838 amco,
688 1772 717 1824 et
727 1767 851 1824 iuimicm
868 1771 963 1824 cenna
976 1768 1115 1841 inimicatur
1127 1769 1219 1846 possit

118 1857 232 1910 'verum
252 1849 290 1924 (si
303 1849 413 1923 integra
432 1849 469 1908 sit
490 1847 616 1926 eilides)
638 1849 737 1910 dicere
780 1849 841 1909 Sed
856 1848 913 1910 late
928 1850 1004 1912 locus
1021 1858 1139 1932 uterque
1159 1859 1220 1913 tra·

138 1940 237 1994 ctatur.

113 2020 130 2075 3
221 2017 294 2084 Cum
311 2017 502 2096 praesentibus
519 2038 585 2080 vero
604 2021 703 2098 ingens
716 2020 856 2086 dimicatio
865 2025 926 2095 est,
947 2020 1156 2102 ideoque'velut
1167 2025 1220 2084 du·
1290 2059 1293 2063 ·

18 2091 23 2098 ’
138 2100 203 2182 plici
214 2108 310 2162 contm
325 2121 388 2175 eos,
410 2122 518 2181 proque
536 2106 570 2162 iis
586 2106 645 2165 acie
666 2106 838 2182 confligitur,
859 2109 1008 2180 amoram,
1027 2116 1058 2169 et
1068 2111 1218 2185 inbsuogn-

138 2189 247 2246 tionusn.
289 2187 323 2245 Iu
334 2188 482 2246 actionibus
494 2190 613 2267 primurn
625 2190 789 2266 generaliter
794 2209 845 2268 pro
856 2192 989 2276 testibus,
1002 2199 1089 2270 atque
1098 2197 1128 2254 in
1140 2200 1218 2254 testes

113 2271 193 2330 bdici
204 2270 281 2330 solet
317 2270 369 2330 Est
381 2271 425 2330 hic
438 2276 588 2332 communis
599 2273 689 2346 locus,
710 2295 771 2333 cum
783 2293 847 2353 pars
859 2275 945 2335 altera
956 2277 1060 2337 nullam
1070 2279 1218 2340 firmiorem

138 2354 332 2433 probationem
351 2373 412 2412 esse
430 2358 587 2430 contendit,
609 2376 693 2437 quam
712 2361 835 2436 quaesit
853 2360 993 2422 hominum
1010 2363 1125 2424 scientia
1137 2365 1219 2438 nixa3

139 2437 242 2509 altera,
269 2437 306 2494 ad
327 2437 524 2498 detrahendam
543 2439 596 2500 illis
614 2442 714 2515 fidem,
741 2443 847 2516 omnia,
874 2464 926 2522 per
941 2465 1014 2522 quae
1030 2449 1092 2508 fieri
1111 2450 1219 2510 soleant

116 2519 210 2579 bfalsa
219 2520 391 2594 testimonia,
402 2542 404 2548 ¹
414 2529 565 2581 enumerat
607 2524 733 2602 Sequens
744 2528 815 2584 ratio
830 2535 873 2588 est
881 2571 890 2601 ,
912 2549 974 2588 urm
989 2533 1144 2610 specialiter
1158 2535 1218 2612 qui·

78 2619 87 2634 ’
141 2605 221 2677 dem,
251 2605 302 2664 sed
322 2611 414 2666 tamen
431 2606 530 2666 multos
542 2609 653 2686 pariter
672 2611 804 2671 invadere
824 2614 935 2690 patroni
953 2616 1052 2676 solent.
1071 2687 1074 2694 y
1094 2617 1168 2679 Nam
1189 2627 1279 2680 ctare

28 2756 32 2766 ἱ
141 2689 266 2766 gentium
286 2689 571 2752 simul-universarum
589 2691 697 2754 elevata
713 2696 871 2755 testimonia
888 2699 923 2757 ab
939 2701 1095 2762 oratoribus
1103 2706 1219 2778 'seimus

141 2779 172 2832 ct
190 2779 252 2830 tota
269 2792 371 2849 genera
391 2777 626 2837 testimoniorum:
653 2785 686 2838 ut
703 2781 741 2842 de
758 2780 955 2854 auditionibas5
975 2804 1032 2844 nou
1052 2788 1126 2848 enim
1144 2791 1218 2868 ipsos

141 2874 201 2932 esse
213 2861 313 2930 testes,
335 2859 385 2916 sed
397 2860 576 2919 iniuratomm
589 2862 688 2925 afferre
700 2883 792 2925 voces:
813 2873 846 2936 ut
856 2868 886 2925 iu
896 2870 985 2928 causis
994 2874 1219 2950 repetundarum,

141 2939 189 3016 qui
203 2959 234 3000 se
246 2959 295 2998 reo
305 2960 464 3002 numerasse
474 2947 604 3024 pecunias
615 2948 728 3022 iurant,
746 2949 929 3027 litigatorum,
949 2973 1006 3013 uon
1018 2958 1145 3033 testium,
1165 2958 1220 3019 lta·

115 3022 247 3092 bbendos
260 3022 329 3082 loco.
371 3025 486 3084 interim
504 3030 634 3090 adversus
652 3033 773 3110 singulos
792 3036 922 3112 dirigu'tur.
937 3041 1024 3100 actio:
1052 3044 1129 3118 quod
1141 3044 1215 3104 inse·

90 3109 95 3130 '
140 3107 268 3174 ctatiords
285 3126 373 3184 genus
391 3115 420 3170 et
435 3113 599 3188 permixtum
615 3116 768 3176 defensioni
778 3117 894 3196 leg'nnns
905 3123 935 3180 in
951 3126 1120 3186 orationibus
1131 3127 1218 3206 pluri'·

139 3191 204 3265 mis,
226 3197 256 3250 et
274 3194 422 3270 separatim
442 3196 561 3269 editum,
582 3199 653 3259 sieut
665 3202 694 3259 in
706 3202 846 3262 Vatinium
858 3212 967 3266 testem.
1008 3209 1036 3268 T
1038 3216 1114 3269 otum
1130 3213 1217 3288 igitur

140 3276 304 3336 amemus
324 3275 429 3352 locum,
457 3283 569 3356 quando
584 3285 739 3345 universam
757 3288 956 3350 institutione·
972 3295 1096 3370 aggressi
1113 3312 1216 3356 sumus.

115 3358 319 3421 7Sufficiebant
336 3361 439 3439 alioqui
455 3363 517 3422 libri
538 3366 594 3425 duo
615 3369 769 3428 aDomitio
781 3371 850 3430 Afro
866 3375 896 3432 in
907 3375 978 3436 hanc
989 3395 1049 3437 rem
1059 3382 1216 3460 compositi,

67 3443 70 3450 ’
139 3460 221 3518 quem
241 3445 458 3507 adolescenmlus
477 3467 572 3510 senem
591 3452 674 3512 calui:
692 3462 729 3512 ut
742 3474 798 3514 non
811 3456 959 3518 lectnmihi
971 3467 1080 3524 tautum
1095 3483 1145 3541 ea,
1165 3467 1230 3526 ssd·

136 3523 269 3604 pleraque
279 3547 316 3587 ex
330 3530 391 3607 ipso
405 3533 461 3590 sint
474 3536 595 3609 cognita.
637 3536 665 3595 ls
683 3541 822 3600 vuissime
840 3546 995 3624 praecepit,
1015 3550 1135 3626 primum
1155 3567 1217 3610 esse
1289 3537 1296 3548 ⁶

137 3607 167 3665 in
184 3608 235 3668 hac
254 3617 336 3688 parte
355 3613 476 3675 officium
498 3613 629 3693 oratoris,
651 3629 789 3684 attotam
808 3644 917 3688 causam
936 3631 1107 3694 familiariter
1123 3636 1216 3696 noritr

111 3692 212 3768 equod
230 3693 290 3755 sine
310 3696 394 3756 dubio
414 3701 452 3758 ad
473 3703 714 3783 omniapern'net.¹
747 3709 781 3767 Id
794 3714 935 3786 quomodo
945 3717 1106 3794 contingat,
1127 3719 1217 3798 expli-⁴

135 3775 271 3850 cabimus,
293 3797 354 3837 cum
373 3783 411 3840 ad
429 3784 598 3846 destinatum
615 3790 679 3850 huic
694 3795 769 3870 parti
785 3793 875 3856 locum
896 3801 1060 3860 scaminus.
1101 3801 1146 3862 Ea
1165 3821 1212 3863 res

133 3867 266 3936 suggeret
284 3866 428 3924 materiam
446 3867 670 3947 interrogationi,
692 3883 722 3934 et
734 3875 818 3936 vdnti
829 3880 885 3939 tela
897 3882 935 3940 ad
946 3897 1058 3944 manum
1069 3886 1212 3946 summini-

131 3944 244 4002 suebis:
265 3947 362 4006 eadem
376 3951 501 4022 docebit,
521 3954 559 4010 ad
579 3973 651 4031 quae
670 3957 766 4020 iudicis
784 3961 892 4021 anunm
907 3967 1016 4028 actione
1036 3970 1074 4029 sit
1090 3989 1211 4050 praepa·

130 4027 241 4086 raudus.
276 4028 369 4092 Debet
378 4033 452 4090 enim
463 4034 506 4098 vel
520 4034 596 4111 fieri,
616 4039 660 4100 vel
672 4042 781 4104 detrahi
793 4047 909 4111 testibus
922 4049 991 4110 fides
1004 4054 1131 4118 emtione
1142 4071 1210 4134 per·
