2788 4452
156 213 198 307 aa
355 266 357 274 ,
429 179 1009 324 ussn‘naoururr‘nrnur

158 393 281 468 alarona
296 387 409 454 vocant:
438 379 469 456 e't
485 398 562 472 qnod
582 395 649 455 alias
665 397 809 470 vitiosum,
837 397 948 456 interim
965 395 1033 456 alias
1054 402 1161 458 rantum
1182 398 1239 473 eat)

115 479 232 560 ilOapud
244 499 295 538 nos
308 501 374 539 vero
390 483 548 558 breuissima
561 483 643 539 ratio.
686 480 817 558 Namque
836 483 865 540 in
879 483 955 540 omni
967 501 1051 558 voce,
1071 488 1154 541 untia
1166 483 1241 543 intra

156 585 300 624 numerum
318 566 402 624 trium
421 566 585 642 syllabarum
601 566 779 640 continetur,
797 567 855 625 sive
869 585 920 626 eae
932 573 998 626 sunt
1011 569 1041 625 in
1051 567 1137 626 verbo
1149 565 1243 641 solae,
1321 625 1324 634 ,

112 649 123 670 ²
157 649 213 710 sive
234 649 363 710 ultimae:
391 653 472 710 etin
493 651 536 710 bis
557 657 606 709 ant
623 652 749 729 proxima
772 658 926 727 extremae,
953 657 1002 710 aut
1023 653 1060 710 ab
1082 669 1121 710 ea
1145 653 1237 712 tertia.
1288 665 1291 672 ’

153 735 184 794 T
185 736 256 794 rium
267 755 367 813 porro,
387 735 425 794 de
438 737 541 812 quibus
551 736 664 812 loquor,
686 737 779 795 media
798 737 899 814 longa,
920 743 1087 812 antaeum,
1108 740 1239 796 autflera
1349 790 1351 799 Α

2 867 3 878 ,
118 874 130 897 ,1
156 821 226 880 erit:
249 821 348 887 eodem
360 821 422 879 loco
438 823 527 880 brevis
544 823 642 898 ntique
658 839 770 897 gravem
787 821 902 882 habebit
919 841 1031 897 menn,
1053 825 1175 898 ideoque
1186 842 1239 901 po-

2 909 3 956 Ῐ
33 909 58 970 ss
113 895 151 963 3i
156 906 236 964 sitam
249 909 315 966 anta
328 925 374 980 se,
395 907 426 962 id
444 913 487 965 est
504 908 540 964 ab
552 907 650 964 ultirna
663 907 792 980 tertiam,
813 914 903 966 acuet.
946 907 1105 966 Estauteur
1120 909 1238 966 inomni

154 997 222 1050 vo‘ce
232 991 329 1071 utique
344 996 434 1065 acuta,
449 992 498 1050 sed
510 1011 653 1068 nunquam
664 991 726 1070 plus
737 1009 810 1049 una:
832 1013 884 1052 neo
892 992 990 1050 ultima
1001 1012 1139 1071 unquam,
1159 993 1238 1050 idco·

155 1095 211 1152 que
222 1076 251 1132 in
263 1074 403 1150 disyllabis}
414 1077 500 1154 prior.
543 1077 693 1136 Praeterea
705 1095 848 1153 nunquam
866 1079 896 1136 in
909 1081 1008 1136 eadem
1021 1081 1094 1152 flexa
1107 1083 1135 1138 et
1148 1083 1239 1151 acuta,
1291 1076 1294 1081 ’

125 1226 130 1231 ,
154 1158 290 1237 quoniam'
300 1162 398 1220 eadem
409 1163 481 1220 flexa
495 1169 525 1222 et
536 1168 633 1234 acuta3
646 1164 742 1238 itaque
754 1165 855 1220 neutr'a
867 1161 1085 1222 claudetnocem
1097 1162 1238 1222 Latinam.

153 1244 292 1320 Eavero,
313 1264 386 1322 quae
401 1251 465 1304 sunt
476 1247 598 1322 syllabae
610 1249 706 1321 uubis,
726 1252 902 1306 eruntauuta
916 1250 1060 1321 autflexa,
1081 1267 1118 1306 ne
1138 1247 1237 1304 sitali·
1334 1253 1336 1260 '

109 1339 210 1406 ¹32qua
227 1350 280 1388 vox
299 1332 360 1390 sine
378 1337 468 1388 acuta.
505 1332 545 1390 Et
560 1331 607 1388 illa
625 1350 676 1410 per
698 1347 781 1389 sonos
800 1331 1237 1408 accidunt‚·quae.demonstrari
1283 1339 1286 1348 ⁴
1318 1363 1321 1370 ,

2 1473 3 1486 ,
95 1487 101 1498 .
154 1415 256 1492 scripto
269 1435 328 1474 non
339 1422 471 1494 possunt,
492 1419 560 1474 vitia
578 1418 633 1474 oris
645 1423 675 1476 et
696 1416 822 1492 linguae:
846 1413 1047 1496 ἰωτακισμοΰς
1061 1422 1090 1476 et
1104 1417 1236 1496 tupssdae
1245 1427 1277 1471 6⁰

2 1555 4 1576 ,
27 1517 46 1570 ,¹
68 1529 89 1582 Ι·
153 1495 294 1583 κισμρῦς,
317 1494 494 1580 ἰσχνότητας
511 1497 789 1580 εῒπλατειασμοϋς,
810 1502 1099 1580 feliciores-lingenda
1118 1501 1236 1561 nomini-

2 1603 3 1652 }
118 1635 119 1640 1
153 1586 205 1646 bus
226 1587 328 1655 Graeci
345 1593 460 1644 vocant:
488 1588 558 1645 sicut
578 1581 805 1665 κοιλοὸτομίαν,
834 1607 896 1646 cum
914 1607 967 1645 vox
987 1589 1066 1664 quasi
1083 1590 1113 1646 in
1129 1607 1237 1647 recessu

2 1677 4 1726 L
111 1671 208 1736 Sauria
223 1672 342 1729 audiun.
385 1672 460 1729 Sunt
472 1674 556 1731 etiam
568 1675 674 1751 proprii
686 1674 800 1750 quidam
816 1678 846 1730 et
862 1673 1058 1731 inenarrabiles
1076 1674 1153 1745 soni,
1176 1673 1237 1748 qui-
1257 1697 1260 1700 ·

48 1757 51 1764 ⁴
86 1756 90 1762 '
154 1757 204 1814 bus
215 1773 414 1836 nonnunquam
429 1759 557 1816 nationes
576 1759 811 1837 reprehendimus.
853 1757 1236 1834 Remotis'dgituromnibns,
1326 1811 1331 1821 „

2 1886 6 1913 ,
75 1841 78 1852 ’
153 1845 322 1920 quaesupra
339 1842 465 1917 diximus,
481 1843 564 1917 vitiis,
579 1845 631 1902 erit
650 1843 706 1918 illa,
724 1849 932 1920 queavocatnr,
950 1836 1127 1923 indotatam,
1145 1842 1236 1914 idest,
1295 1907 1299 1915 ¹

2 1927 6 1962 ¹·
34 1973 37 1980 .
118 1973 122 1978 .
153 1929 300 1987 amendata
312 1929 521 1987 cumsuavitata
532 1947 629 1987 vocum
641 1929 890 2006 explanatio:nun1
903 1928 1042 2006 sicaccipi
1053 1933 1148 2005 potest
1156 1933 1236 1984 rectu.

2 2064 5 2083 ,
110 2019 145 2076 34
205 2014 340 2072 'Cetera
352 2014 420 2072 vitia
431 2015 524 2072 omnia
538 2035 572 2072 ex
589 2015 712 2094 pluribus
725 2015 838 2072 vocibus
855 2020 935 2088 sunt,
958 2019 1133 2100 quonnuest
1153 2011 1234 2069 soloe-

151 2215 204 2252 rua.
239 2201 298 2253 Nec
314 2207 400 2252 tamen
421 2200 519 2254 offendi
536 2202 648 2256 debebat
667 2220 732 2256 voce
750 2202 855 2256 interim
874 2217 921 2272 pro
941 2199 1082 2254 interdum.
1116 2195 1235 2250 indicare

153 2269 218 2322 enim
234 2269 326 2331 Quint.
342 2271 446 2322 videtur
465 2271 594 2335 uoluisse,
612 2290 663 2324 non
682 2273 765 2325 omnia
783 2281 857 2325 recta
880 2272 972 2325 haberi
991 2271 1068 2333 aliia,
1094 2285 1161 2338 qaae
1177 2266 1235 2320 aliia

153 2337 204 2390 sint
218 2339 395 2403 vitiosa,'sed
415 2339 542 2392 interdum
561 2339 589 2392 id
610 2342 745 2404 accidere,
769 2349 799 2392 ut
819 2340 924 2405 dialecti
945 2341 1015 2394 inter
1031 2357 1060 2392 aa
1078 2338 1234 2406 discrepent.

153 2407 239 2458 Verba
255 2409 318 2458 iaaac
334 2415 394 2458 sunt
413 2417 484 2460 certe
505 2425 555 2460 uon
574 2408 680 2478 indigna
703 2409 869 2472 Quintiliano.
905 2410 1001 2478 Neque
1019 2409 1069 2460 Sar
1089 2405 1148 2470 ein
1162 2405 1235 2458 Anal.

152 2493 177 2546 p.
204 2479 246 2530 50.
271 2477 408 2544 quidquam
427 2477 592 2540 obscuritatis
610 2479 639 2530 in
667 2479 706 2530 his
727 2477 906 2548 deprehendit.
940 2478 1011 2528 Idem
1024 2477 1056 2527 V.
1070 2426 1111 2529 Pl)
1126 2473 1159 2529 ad
1179 2475 1204 2526 b.
1217 2471 1233 2526 l.
1257 2475 1261 2482 '

152 2551 261 2614 quatuor
275 2545 418 2613 particulae
432 2549 536 2598 iuterim
549 2547 751 2615 significationes
765 2545 885 2616 explicat.

221 2619 237 2680 §
252 2617 294 2669 30.
311 2623 461 2684 separatum
476 2617 530 2684 cet]
548 2617 638 2685 Spald.
652 2624 725 2670 recta
739 2616 823 2670 omitti
834 2615 916 2669 voluit
930 2623 968 2668 eat
981 2613 1136 2668 auctoritate
1153 2611 1234 2666 codi-

2 2729 5 2743 ‚
44 2694 50 2706 ‘
151 2685 188 2740 cia
208 2683 299 2738 Guelf.
317 2695 363 2738 aut
383 2691 454 2738 certa
474 2693 534 2738 anta
550 2696 700 2754 separatum
718 2687 778 2756 poni
800 2694 829 2738 ut
847 2685 874 2739 in
892 2685 956 2740 edit.
970 2687 1074 2756 Grypn.
1093 2682 1169 2740 1544·
1192 2680 1234 2734 cul

2 2757 6 2825 ’ἢ
79 2781 89 2788 -
151 2754 262 2808 addendi
275 2762 334 2806 surrt
347 2755 428 2808 Codd.
442 2755 498 2808 th.
514 2757 541 2810 3.
557 2761 583 2810 5.
595 2765 628 2810 ‚at
639 2759 681 2812 ed.
695 2757 786 2827 Camp.
976 2776 978 2780 ’

2 2827 4 2872 l
112 2848 116 2860 ¹
220 2828 236 2890 5
250 2825 291 2878 31.
310 2819 431 2893 quoniam
454 2827 545 2878 cadem
559 2829 632 2895 flexa
653 2837 679 2880 ct
704 2825 802 2894 acuta]
826 2823 1005 2898 Exspectabas
1024 2827 1096 2876 certe
1114 2821 1235 2890 quoniam

145 2896 220 2960 flexu
235 2894 326 2944 eadem
341 2902 368 2945 et
383 2903 463 2946 acuta
476 2904 515 2948 est
533 2896 558 2947 b.
574 2914 596 2948 e.
611 2897 728 2964 quoniam
744 2915 811 2965 quae
828 2894 895 2948 flexa
910 2896 1009 2962 syllaba
1021 2902 1075 2954 est,
1094 2891 1182 2942 cadem
1194 2896 1235 2941 eat

150 2968 234 3015 acuta.
270 2961 348 3028 Apud
361 2962 515 3016 Siobardum
526 2965 592 3016 baec
607 2965 713 3029 desunt,
730 2974 758 3017 et
776 2967 861 3032 Sarpe
876 2965 950 3016 Anni.
965 2979 989 3030 p.
1004 2963 1048 3014 49.
1071 2958 1111 3009 his
1125 2959 1235 3022 ominis,

151 3047 166 3082 e
181 3029 246 3082 (iod.
262 3029 351 3082 Turio.
371 3046 388 3082 a
405 3047 457 3084 aaa.
476 3049 508 3084 m.
528 3049 576 3102 pro
594 3034 683 3101 itaque
696 3035 788 3086 scribit
799 3036 887 3101 ntique
907 3033 1044 3084 cumvlens.
1059 3029 1150 3087 Locat.
1167 3027 1233 3081 Ven.

151 3101 228 3164 Rpac.
247 3098 311 3154 Obr.
332 3101 467 3164 Gesnero,
491 3102 616 3157 rationem
638 3103 700 3155 alibi
719 3102 914 3172 propositurus3
933 3099 1046 3152 conierri
1060 3105 1145 3150 tamen
1158 3095 1235 3150 iussit

114 3221 117 3228 Δ
151 3169 211 3232 llll,
231 3171 271 3232 10,
289 3169 333 3224 33.
361 3169 478 3222 Diomed.
521 3171 609 3226 425.
651 3169 710 3224 Nec
731 3189 887 3242 magnopere
906 3168 1104 3229 desiderantur,
1127 3165 1150 3218 ai
1170 3165 1234 3218 illud
1320 3163 1326 3183 ¹
1391 3173 1392 3192 ¹

150 3237 385 3302 intellectualem,
403 3187 592 3292 circumloxum
608 3257 639 3292 ex
663 3249 739 3294 acuto
754 3251 781 3293 et
798 3239 872 3310 gravi
889 3247 1016 3294 collatore.
1053 3236 1152 3304 Regius
1172 3251 1232 3286 con·

123 3338 126 3346 ι
150 3307 213 3362 iecit
225 3311 349 3377 postam
364 3314 439 3378 flaua
458 3327 489 3360 ea
505 3317 592 3362 acuta.
628 3309 713 3362 Wolli
730 3311 812 3364 omitti
828 3311 884 3364 vult
898 3312 1005 3376 audem,
1028 3315 1059 3360 'ut
1071 3309 1233 3373 relinquatur

120 3429 125 3440 ,
150 3379 271 3448 quoniam
283 3383 357 3447 fleca
378 3387 404 3432 et
425 3387 504 3432 acuta
517 3381 570 3448 'pro
596 3381 716 3448 quoniam
731 3385 805 3450 flexa
818 3380 898 3434 ctiam
911 3387 1056 3434 deuincat.
1090 3379 1125 3430 nt
1141 3374 1232 3437 Quint.

150 3448 238 3500 rsascio
254 3465 288 3502 an
301 3451 329 3502 in
340 3448 483 3519 repetendo
497 3450 588 3504 vocab.
604 3451 694 3503 cadem
706 3450 794 3520 (prius
806 3452 872 3506 enirn
887 3449 921 3502 ad
936 3469 1040 3514 vocem,
1058 3446 1188 3518 posterius
1200 3441 1233 3494 ad

150 3519 275 3585 syllabam
298 3521 411 3587 pertinet
429 3517 638 3588 intelligendam)
658 3516 786 3588 placuisse
804 3520 855 3573 sibi
878 3518 998 3584 videtur,
1022 3519 1091 3589 quod
1111 3511 1184 3566 vacis
1206 3519 1234 3566 ei

151 3585 266 3654 syllabae
278 3596 370 3644 natura
385 3590 434 3642 boc
449 3591 549 3640 riomina
564 3589 694 3642 contraria
715 3597 763 3643 est.
799 3590 920 3644 Ceterum
937 3589 1074 3661 premenda
1089 3582 1233 3636 adiantivo·

150 3672 206 3708 rum
227 3655 361 3709 collucutio
382 3667 433 3710 eat.
469 3658 545 3722 Quod
567 3668 650 3712 autem
665 3660 798 3742 sequitur,
821 3663 913 3728 ltaque
928 3665 1044 3726 nonest,
1068 3670 1115 3706 cur
1130 3651 1157 3704 in
1173 3651 1232 3703 Uti-

2 3819 3 3848 2
150 3720 1234 3866 {insidianti{titillata“eitttiitttitiiiibtinii
1390 3723 1392 3840 l

2 3887 3 3898 π
56 3914 59 3925 ,
149 3864 276 3916 contineri
287 3863 364 3930 dixit,
378 3873 451 3918 recta
465 3866 572 3936 scripsit
582 3868 672 3936 itaqua
685 3874 779 3920 neutra
793 3869 897 3920 claudet
909 3874 961 3920 ate.
976 3861 1141 3933 Sarpednal.
1155 3877 1181 3928 p.
1190 3859 1235 3914 49.
1291 3867 1302 3882 “

151 3931 251 3986 omissis
264 3935 335 3986 verb.
350 3936 471 4004 quonium
482 3965 508 3974 -
520 3943 609 3998 acuta,
631 3952 677 4004 pro
691 3937 781 4003 itapuc
800 3953 858 3988 cum
871 3937 895 3986 G
900 3952 953 3990 esn.
966 3934 1065 3988 scribit·
1071 3934 1170 4001 otique

90 4039 117 4068 ·‚
167 4009 172 4014 '
219 4005 293 4066 §bb
310 4005 536 4073 reprehendimur]
559 4005 645 4057 Burro.
663 4004 811 4058 coniectura
832 4005 1046 4074 deprehendimur
1059 4000 1164 4073 egregia
1184 4004 1233 4062 eat,

110 4095 114 4102 ·
150 4069 283 4151 etdarpio
297 4073 324 4125 in
340 4074 413 4126 Anal.
431 4092 456 4143 p.
467 4073 504 4130 24
526 4075 645 4140 probata.
681 4073 776 4127 Heind.
796 4073 849 4128 vid.
871 4074 964 4144 Spald.
980 4075 1067 4128 Praei.
1083 4089 1131 4144 pro
1146 4069 1234 4138 quidue

2 4152 3 4159 ¹
50 4189 54 4196 ,
139 4142 260 4192 -oemecit
275 4144 356 4198 scrib.
368 4145 397 4196 in
406 4143 511 4208 naidas.
773 4181 781 4188 -
954 4183 968 4206 .,
