2738 4442
74 209 87 310 ζ
137 249 201 312 roa
338 311 343 324 ,
418 238 925 311 nannonrnrrnmnr

139 421 251 479 quoqne
264 401 352 460 excuti
369 397 475 471 solent,
489 367 558 456 'curm
570 398 631 475 quis
644 415 675 457 se
687 404 764 458 recte
775 398 887 470 fecisse,
902 395 932 455 id
945 402 988 456 est
997 375 1115 456 honesta
1127 415 1221 470 musa,
1248 395 1251 402 ’
1364 449 1365 456 ,

97 490 131 546 36
139 487 296 555 contendit:
316 484 421 561 quade
435 503 466 541 re
478 481 560 540 latius
572 485 602 540 in
616 484 697 542 tertio
710 483 779 544 libro
793 485 896 542 dictum
911 488 962 540 est.
993 479 1139 541 Finitimis
1152 501 1222 558 quo-

58 603 61 609 *
139 591 194 652 que
215 571 389 648 quaestiones
408 586 443 628 ex
462 569 550 626 tausis
565 567 674 626 interim
685 570 826 646 pendent,
848 569 891 625 An
904 567 1093 644 tyrannicida,
1117 571 1220 646 qaity-

140 675 268 727 tonnam,
290 675 309 712 a
324 675 375 732 quo
390 653 559 730 deprehensus
578 657 606 712 ia
618 653 751 728 adulterio
759 653 869 732 fuerat,
893 653 1010 710 occidit?
1052 653 1096 712 An
1111 654 1222 730 sacrile-
1231 662 1286 708 ton

139 763 208 819 gns,
240 743 300 818 qni,
329 746 360 797 at
389 740 472 796 hostes
496 740 737 816 arleexpelleret,
766 759 842 797 arina
862 738 956 815 tnnpla
972 737 1059 814 affixa
1080 737 1225 797 detrusit?

97 831 131 886 37
139 827 284 888 Ducuntur
295 832 459 901 argumenta
470 831 499 883 et
511 817 544 882 en
558 823 621 881 loco.
649 827 797 903 Spectatur
809 824 881 882 enim
895 825 932 882 ad
945 823 1029 882 fidem
1041 824 1223 901 probationis,

118 963 122 968 .
139 911 289 971 Montanus
301 932 337 968 an
345 910 460 987 planus,
477 913 627 967 maritimus
638 931 675 968 cn
689 910 907 981 mediterraneus,
920 913 1036 967 cmositns
1048 929 1085 966 nn
1096 909 1224 982 incultus,

136 999 264 1076 frequens
284 1016 320 1054 on
338 995 470 1066 disertas,
488 999 651 1072 propinquus
671 1015 708 1054 nn
726 1001 852 1068 remotas,
875 1000 1033 1072 opportunus
1055 995 1172 1054 consiliis
1185 1015 1223 1052 un

140 1082 286 1141 adamus?
299 1099 381 1156 quam
394 1087 503 1158 partem
515 1081 640 1138 videmus
653 1081 891 1138 vehementissime
903 1099 954 1156 pro
970 1079 1076 1140 Milone
1088 1086 1224 1140 tractasse

98 1171 133 1225 38
141 1169 311 1228 Ciceronem.
354 1167 393 1224 Et
413 1165 480 1223 haec
500 1165 612 1241 quidem
630 1184 663 1222 ac
682 1165 838 1224 similia-ad
853 1166 1038 1224 coniecturam
1053 1167 1225 1242 frequentius

139 1254 295 1332 pertinent:
317 1252 368 1308 sed
387 1251 498 1308 interim
519 1251 556 1308 ad
575 1251 616 1307 ius
638 1269 764 1327 quoqne,
787 1249 919 1309 Privatus
936 1269 974 1308 an
990 1250 1130 1327 publicus,
1151 1269 1226 1311 sacer

140 1358 178 1395 un
194 1336 343 1414 profanus,
364 1340 452 1392 nasta
472 1354 508 1392 aa
527 1333 649 1394 alicam?
671 1337 747 1393 utin
766 1355 900 1415 persona,
918 1339 1117 1412 magistratus,
1136 1342 1225 1416 pater,

97 1424 301 1501 anperegrinus.
313 1443 316 1450 ·
329 1420 403 1478 Hinc
418 1421 491 1478 enim
504 1422 680 1496 quaestiones
696 1413 828 1480 oriuntur.
857 1421 1000 1479 Privatam
1011 1425 1151 1498 menidam
1163 1443 1224 1480 sas·

141 1506 245 1575 tulisti3
273 1524 378 1578 omnm,
413 1508 476 1582 quai:
495 1505 526 1562 de
547 1505 657 1582 templo,
686 1527 738 1564 non
754 1507 879 1585 sartum,
908 1507 953 1564 sed
979 1507 1150 1583 marilegium
1177 1515 1225 1565 est.

144 1593 276 1650 Occidisti
287 1590 452 1663 adulterum,
475 1589 542 1668 qaod
558 1591 601 1648 lau
609 1594 756 1668 permittit:
777 1592 837 1664 sad,
859 1596 922 1670 qnia
934 1594 964 1650 ia
978 1591 1117 1670 lupanari,
1131 1593 1226 1652 caedes

139 1685 189 1738 est.
233 1675 365 1736 lanarium
382 1676 493 1753 fecisti:
523 1676 583 1748 sed,
614 1679 679 1752 quia
698 1681 888 1754 magistratui,
915 1680 1065 1736 maiestatis
1084 1681 1155 1736 actio
1175 1684 1225 1737 est.

99 1763 194 1826 cover
213 1769 325 1832 contra,
346 1759 457 1832 licuit,
479 1762 544 1837 qnia
559 1767 639 1836 pater
660 1779 747 1836 cram,
770 1766 835 1840 quin
852 1767 1036 1838 magistratus.
1079 1764 1135 1822 Sed
1150 1765 1229 1822 circa'

138 1848 216 1928 sacti
228 1845 442 1904 controversiam
452 1851 616 1920 argrrmenta
626 1851 785 1924 praestant,
808 1849 879 1906 circa
899 1851 969 1906 inm's
986 1848 1072 1921 lites,
1083 1849 1227 1909 materiam

143 1932 344 2010 quaestionum.
387 1927 433 1986 Ad
451 1929 607 2018 qualitatem
626 1950 736 2008 qnoque
752 1935 913 2010 frequenter
930 1934 1053 2016 pertinet
1068 1934 1156 1993 loeus:
1176 1953 1228 1994 ue·

144 2037 199 2096 que
211 2017 284 2076 enim
296 2017 370 2076 idem
384 2015 487 2091 ubique
499 2022 548 2072 aut
557 2015 631 2088 licet,
643 2023 694 2075 aut
710 2018 839 2080 decanum
851 2024 907 2078 est:
930 2021 998 2097 quin
1011 2020 1108 2094 etiam,
1130 2021 1227 2097 inqua

99 2125 104 2136 ·
145 2104 268 2180 quidque
280 2103 389 2160 civitate
402 2107 564 2175 quaeratur,
580 2088 710 2175 interest:
732 2105 853 2162 moribus
865 2105 938 2163 enim
950 2112 982 2164 et
995 2104 1101 2181 legibus
1113 2107 1228 2164 distant.

102 2189 134 2249 41
143 2187 189 2247 Aa
206 2186 471 2246 commendationem
491 2181 601 2262 quo'que
621 2191 650 2245 et
670 2189 801 2248 invidiam
813 2189 902 2248 valet.·
937 2187 1012 2250 Nam
1025 2197 1062 2249 et
1069 2191 1140 2250 Aiax
1153 2192 1229 2268 apud

145 2273 293 2344 Ovidium,
313 2271 444 2345 Agimus,
466 2271 574 2346 inquit,
600 2276 663 2329 ants
683 2281 755 2331 rates
773 2291 898 2348 causum,
926 2281 951 2333 et
971 2294 1070 2334 mecam
1092 2277 1287 2355 consentanius

150 2355 264 2415 Ulixes?
299 2355 339 2412 Et
351 2355 449 2414 Miloni
461 2354 536 2413 inter
548 2361 642 2414 cetera
654 2358 792 2418 obiectum
804 2366 864 2436 est,
886 2360 956 2440 qnod
968 2360 1078 2420 Clodius
1088 2365 1119 2421 in
1133 2381 1227 2420 monu-

103 2443 239 2502 limentis
260 2441 294 2497 al
313 2457 343 2497 so
361 2443 490 2498 mm'arnm
508 2457 613 2498 :omnm
635 2447 702 2500 esset
720 2448 829 2503 secians.
872 2445 1069 2522 tuscanensi
1087 2453 1229 2506 momenta

137 2527 219 2586 'idern
231 2524 318 2597 valet,
340 2525 409 2584 sicut
427 2531 542 2602 ternpus,
565 2527 641 2584 cuius
660 2534 807 2588 tractatum
824 2531 996 2608 subiungam.
1037 2533 1104 2591 Eius
1123 2539 1227 2604 autur,

146 2617 178 2670 ut
196 2611 250 2669 nlio
271 2608 331 2668 loco
350 2612 406 2669 iam
424 2611 495 2684 dixi,
524 2611 624 2689 duplex
643 2613 807 2690 significatio
828 2621 880 2674 est
925 2615 1087 2676 Generaliter
1104 2619 1176 2678 euim
1196 2625 1230 2677 et

138 2695 296 2774 ¹specialiter
318 2697 457 2773 accipitur.
499 2695 579 2754 Prius
599 2695 665 2756 illud
687 2705 745 2772 est,
771 2717 858 2774 nnnc,
888 2702 965 2776 olim,
994 2703 1043 2760 sni
1061 2702 1225 2777 Alexandro,

145 2800 204 2839 cnm
225 2779 298 2858 opud
315 2778 400 2837 dlinm
415 2785 568 2857 pugnatum
588 2787 643 2852 est,·
666 2785 786 2861 deniqne
795 2791 983 2864 praeteritam,
1003 2791 1124 2862 instans,
1140 2787 1226 2872 futa-

145 2884 211 2924 rum.
254 2863 318 2922 Hoc
334 2882 452 2941 sequens
473 2865 558 2926 habet
577 2874 606 2926 et
623 2871 769 2928 constituto
788 2873 961 2945 discrimina,
989 2880 1106 2949 aestuis,
1129 2875 1226 2948 diens,

145 2956 244 3024 noctu,
268 2950 401 3018 interdiu:
430 2956 457 3008 et
475 2949 612 3027 fortuito,
640 2953 669 3010 iu
692 2953 860 3034 pesnlmtia,
888 2959 919 3016 in
939 2957 1020 3033 dello,
1048 2961 1077 3018 in
1095 2962 1225 3018 concivio.

51 3039 54 3044 '
103 3033 308 3095 tatianorum
320 3034 433 3110 quidam
445 3037 513 3093 satis
524 3038 671 3112 significari
680 3037 862 3117 putaverunt,
884 3045 909 3100 si
921 3043 986 3102 illud
999 3045 1136 3121 generale,
1158 3052 1225 3104 tem-

142 3137 212 3196 pns;
233 3118 286 3176 hoc
298 3117 424 3194 merium,
446 3125 563 3196 tempora
582 3130 721 3186 vocarent.
765 3125 890 3193 Quorum
909 3135 1088 3207 utrorumque
1105 3130 1176 3190 ratio
1196 3137 1227 3190 et

145 3206 175 3262 in
186 3203 305 3263 consiliis
319 3203 445 3280 quddam,
469 3215 499 3262 et
515 3206 544 3263 in
557 3205 606 3264 illo
622 3209 838 3268 demonstrativo
854 3227 958 3288 genere
968 3221 1109 3288 versatur;
1131 3215 1226 3276 sedin

103 3287 252 3348 diiudiciis
262 3289 486 3364 frequentissima
495 3297 549 3349 est.
593 3291 669 3350 Nam
681 3302 710 3353 et
721 3295 788 3354 iuris
801 3298 1070 3374 qrraestionesiucit,
1093 3307 1123 3359 ct
1137 3301 1225 3377 qualis

81 3439 86 3446 .
144 3379 229 3454 tatem
241 3374 399 3448 distinguit,
415 3375 492 3432 etad
505 3378 687 3436 coniecturum
698 3378 845 3458 plurimum
857 3385 964 3442 cousert
972 3403 986 3442 :·
1000 3389 1031 3442 ut
1044 3405 1105 3444 cum
1115 3387 1224 3446 interim
1234 3388 1287 3434 4⁰⁹

144 3459 323 3536 probationes
337 3459 559 3536 inexpugnabiles
571 3462 686 3536 afferat,
709 3466 802 3541 quales
817 3474 897 3540 sunt,
911 3469 942 3538 ¹si
956 3469 1079 3543 dicatur,
1096 3477 1227 3548 utsupra

46 3569 47 3576 κ
144 3545 239 3618 posui,
262 3543 402 3618 signator,
424 3545 471 3619 qni
491 3547 650 3605 antediem
670 3543 824 3608 tabularum
843 3553 970 3612 decessit:
990 3560 1041 3612 arnt
1059 3556 1227 3616 commisisse

87 3629 136 3688 ’45
145 3625 265 3702 aliquid,
280 3626 323 3686 vel
336 3647 398 3686 cum
411 3629 501 3686 inians
514 3629 601 3704 esset,
615 3633 660 3692 rel
672 3655 734 3693 cmn
747 3638 858 3695 omnino
872 3645 952 3697 natus
964 3659 1020 3697 non
1035 3648 1122 3712 esset:
1143 3659 1223 3720 prae·

144 3717 188 3769 ter
201 3712 245 3785 id,
267 3711 344 3785 quod
357 3713 449 3770 omnia
462 3715 542 3775 facile
553 3725 718 3792 argumenta*
735 3727 785 3780 aut
798 3739 832 3782 ex
845 3723 894 3796 iis,
914 3742 986 3800 quae
1004 3731 1068 3785 ante
1083 3743 1136 3784 rem
1152 3728 1226 3786 tacta

143 3803 223 3870 suut,
245 3801 294 3853 aut
313 3815 346 3855 ex
365 3801 513 3857 com'nnctis
530 3803 585 3875 rei,
607 3810 656 3890 aut
669 3799 862 3884 inseqamt'itm
875 3808 1019 3870 ducuntur.
1060 3811 1105 3870 Er
1118 3815 1224 3870 antece-

209 4011 285 4074 §en
300 4028 351 4078 pro
369 3987 484 4078 nisani]
503 4031 525 4067 s.
542 4017 585 4068 ao.

209 4076 282 4141 541.
300 4080 372 4145 apud
387 4080 524 4150 Ouidium]
549 4083 728 4158 Maternerph.¹
738 4087 810 4158 Xlll,
829 4091 853 4144 5.
867 4147 870 4154 ,

208 4149 224 4209 5
242 4145 285 4200 tt.
305 4146 415 4214 Miloni]
440 4165 488 4218 pro
503 4151 560 4206 Mil.
579 4170 601 4205 o.
619 4154 644 4207 7.
818 4169 821 4176 ’
880 4165 886 4173 ’
