2788 4452
150 203 194 298 ιι
444 188 985 340 Mula.qurriT1L1nN1
1062 274 1068 282 .

151 377 292 487 ideoque'
285 329 315 446 ili
327 407 361 446 eo
380 387 453 448 fiunt
467 387 613 448 soloecismi
623 409 675 468 per
686 408 799 466 garrera,
821 395 956 484 tempora,
974 413 1117 474 personas,
1139 396 1237 470 modu,

85 532 88 540 ,
151 474 209 532 sive
228 473 272 531 cui
293 479 382 531 elatus
402 493 449 532 eos
471 474 525 532 dici
545 492 602 535 seu
618 473 764 552 qualitates
782 474 900 553 planet,
913 477 957 536 vel
972 499 1035 555 ser,
1058 483 1118 556 vel,
1142 488 1174 540 ιιι
1191 476 1242 542 alii·

152 558 263 630 volunt,
278 565 351 616 ceto
366 561 457 640 (uam
466 560 585 618 totidem
597 560 727 620 vitiorum
746 566 828 620 erunt
845 562 1004 635 formae,
996 585 1026 624 ιιι
1045 574 1115 644 quot
1132 569 1237 645 speciei

109 647 246 704 laecum
266 637 403 720 quidque,
426 631 462 703 de
483 645 582 720 quibus
599 663 682 730 supra
699 647 884 720 dictumest,
908 649 1064 728 diviseris):
1093 658 1239 732 praeterea
1348 655 1352 667 “

150 719 286 802 ιίιιιιιιιι,
307 729 449 804 inquibus
466 747 518 788 nos
539 719 719 806 singularem
722 749 755 789 ac
769 729 903 808 pluralem
920 733 1069 810 habemns,
1094 739 1196 796 Graeci
1209 741 1239 797 et

152 807 270 875 dotale.
302 813 481 890 Quanquam
503 817 629 888 suerunt,
652 817 700 891 qui
717 815 798 874 nobis
816 837 930 894 quoque
949 820 1103 881 adiieerent
1106 821 1237 898 dualem,

151 903 290 976 scripsere,
312 898 412 974 legere:
434 901 512 975 qued
527 901 673 958 evitandae
694 902 852 978 asperitatis
867 903 959 979 gratia
977 906 1184 980 mollinrmest,
1206 915 1239 968 ut
1247 913 1280 958 ⁶⁸

150 985 226 1064 apud
239 990 363 1057 veteres,
387 1003 439 1062 pro
454 983 524 1042 male
541 987 661 1059 mereric,
682 986 752 1045 male
771 1004 881 1060 merere,·
909 990 1030 1066 ideoque
1046 995 1123 1070 qnod
1137 999 1238 1052 vocant

96 1139 100 1147 ¹
151 1069 273 1144 duale,
265 1089 295 1127 ιιι
317 1068 376 1126 illo
386 1069 444 1127 solo
468 1089 573 1146 genere
588 1070 730 1129 consistit:
750 1091 813 1131 erun
834 1076 911 1151 apud
927 1075 1049 1136 Graecos
1065 1081 1121 1138 et
1113 1097 1144 1137 ιιι
1160 1079 1237 1137 verbi

153 1162 214 1215 tota
233 1114 304 1214 lere
314 1155 440 1254 ratione,
472 1157 550 1214 etin
571 1156 727 1214 nominibus
748 1149 988 1260 deprehendatur,
1018 1164 1087 1221 et
1064 1183 1104 1222 erc
1125 1182 1238 1240 quoque
1330 1177 1334 1192 ¹

15 1264 18 1274 =
107 1236 143 1299 43
151 1259 304 1300 rarissimus
317 1241 376 1300 eius
390 1241 427 1298 sit
449 1259 529 1312 usus3
550 1243 627 1319 apud
642 1247 799 1302 nostrorum
811 1262 877 1302 vero
895 1245 1033 1304 neminem
1049 1245 1119 1306 haec
1139 1248 1236 1306 obser-

150 1327 226 1386 vatio
258 1327 428 1404 reperiatur,
458 1326 525 1401 quin
548 1345 564 1384 e
589 1328 744 1400 contrario,
772 1326 904 1388 Devenere
921 1329 1004 1403 locor,
1033 1335 1062 1388 et
1085 1331 1237 1390 Conticuere

67 1416 70 1420 ’
151 1431 251 1484 omnm,
275 1417 304 1469 et
316 1409 456 1469 Consedere
469 1410 564 1484 ducor,
586 1417 686 1491 aperte
702 1431 753 1472 nos
767 1414 896 1488 doceant,
919 1413 987 1473 nihil
999 1416 1097 1476 horum
1113 1417 1150 1474 ad
1165 1417 1235 1474 duos

123 1547 128 1560 .
151 1498 307 1577 pertinere3
327 1495 566 1574 Deterequoque,
587 1516 746 1574 quanquam
765 1499 797 1557 id
814 1497 955 1560 Antonius
967 1499 1058 1560 Rufus
1079 1502 1235 1560 err-diverso

107 1579 231 1663 reponit
250 1581 420 1662 exemplum,
450 1582 486 1640 de
505 1581 629 1662 pluribus
651 1584 777 1661 patronis
798 1602 899 1660 praeco
919 1588 1092 1664 pronunciet.
1138 1583 1236 1653 Quid?

149 1687 207 1728 non
226 1665 322 1725 Livius
342 1669 413 1726 circa
431 1667 511 1724 initia
532 1669 628 1726 statim
645 1668 728 1746 primi
751 1667 827 1741 libri,
851 1667 985 1742 Tenuere,
1013 1670 1119 1746 inquit,
1149 1667 1236 1728 arcere

151 1753 273 1812 Sabini?
294 1759 323 1810 et
336 1771 409 1825 mox,
431 1750 467 1810 In
477 1752 616 1811 aduersum
628 1751 750 1810 Romani
758 1752 879 1812 erudiere?
900 1755 960 1814 Sed
971 1771 1054 1832 quem
1065 1757 1159 1833 potius
1169 1775 1235 1832 ego,

150 1856 233 1917 qnam
247 1836 288 1911 Μ.
304 1837 441 1911 Tullimn,
464 1835 586 1914 sequar?
607 1838 696 1914 quiin
708 1838 844 1911 Oratore,
867 1836 930 1898 Non
941 1839 1111 1917 reprehendo,
1133 1841 1236 1917 inquit,
1273 1837 1275 1844 '

109 1927 293 2002 discrepem:
315 1926 477 2000 scripserunt
489 1943 543 1982 erre
553 1926 642 1982 uerius
654 1925 745 1980 sentio.
789 1915 924 1983 Similiter
941 1925 971 1984 in
984 1923 1124 1984 vocabulis
1140 1931 1171 1986 et
1184 1945 1237 1983 no-
1268 1913 1271 1920 ’

61 2062 64 2067 .
149 2009 266 2069 minibus
280 2009 313 2066 fit
329 2008 494 2067 soloecrcrnur
505 2027 608 2085 genere,
629 2027 746 2082 numero,
767 2025 881 2088 proprie
893 2015 987 2069 autem
1001 2011 1115 2069 candus.
1145 2011 1236 2100 Quid-

101 2148 102 2152 ,
150 2095 218 2174 qurd
230 2113 325 2154 eomm
339 2095 419 2154 alteru
431 2095 574 2169 suecedet
596 2095 659 2154 huie
672 2094 747 2174 parti
760 2094 943 2172 subiungatur
956 2094 1022 2156 licet
1033 2115 1086 2174 per
1096 2115 1236 2174 compara·
1267 2113 1269 2120 ’

148 2185 231 2242 donn
244 2187 274 2240 et
286 2173 493 2260 superlationee,·
505 2181 658 2258 itemque'
651 2201 681 2238 ur
693 2180 793 2258 quibus
802 2185 923 2258 putrium
941 2201 993 2260 pro
1004 2185 1151 2259 possessivo
1167 2181 1236 2242 diei-
1322 2195 1326 2202 ’

106 2270 141 2327 46
148 2273 209 2340 tur
232 2265 276 2325 vel
286 2273 392 2326 eontra
433 2265 509 2326 Nam
521 2267 618 2324 vitium
631 2267 708 2342 quod
721 2267 754 2324 fit
766 2283 818 2345 per
833 2267 1033 2344 quantitatem,
1054 2275 1087 2326 ut
1106 2280 1277 2344 magnumst

144 2311 321 2430 pecrllr'olum,
343 2356 425 2410 erunt
439 2369 487 2426 qur
478 2349 679 2408 soloecismum
697 2356 814 2426 putent:
842 2353 917 2427 quia
922 2371 975 2429 pro
995 2354 1106 2412 nomine
1124 2354 1271 2429 integro

148 2437 270 2516 positum
284 2436 321 2492 sit
333 2436 507 2494 diminutum.
534 2433 597 2511 Ego
612 2435 728 2507 dubito,
753 2453 790 2492 an
804 2436 863 2512 id
849 2439 1019 2513 enpropn‘un
1032 2439 1126 2516 potius
1137 2436 1235 2517 appel-

148 2521 218 2593 lem:
240 2520 442 2598 significatione
457 2521 531 2579 euim
544 2521 671 2579 deerrat:
699 2505 846 2579 sunnone·
855 2522 1047 2599 porrovitium
1065 2542 1124 2582 nou
1142 2524 1212 2582 est
1204 2541 1234 2580 ιιι

4 2619 5 2642 ³
106 2609 246 2681 insensu,
276 2606 376 2666 sedin
394 2604 546 2685 eomplenu.
586 2603 619 2663 lu
635 2607 782 2681 participio
800 2625 852 2684 per
871 2623 955 2681 genus
973 2612 1002 2666 et
1020 2627 1128 2682 aarum,
1155 2614 1187 2666 ut
1203 2609 1233 2665 in

148 2694 298 2765 vocabulo,
320 2713 372 2772 per
387 2697 517 2770 tempora,
540 2697 573 2749 ut
590 2691 619 2748 in
638 2691 739 2763 verb03
760 2709 813 2770 per
831 2689 984 2768 numerum,
1006 2700 1039 2752 ut
1054 2693 1083 2752 in
1103 2698 1232 2768 utroque,

149 2785 288 2858 peretur.
332 2777 478 2836 Pronnoen
503 2796 615 2855 quoque
635 2772 739 2852 genus,
762 2795 915 2852 numerum,
937 2797 1017 2836 carue
1032 2779 1133 2852 habet,
1162 2795 1235 2854 quae

106 2864 141 2925 48
150 2865 244 2922 omnia
267 2865 404 2941 recipiunt
420 2863 577 2922 huiusmodi
599 2881 728 2922 errorem.
770 2860 865 2929 ¹fiunt
881 2862 1039 2938 eolo'en'rrnr',
1068 2870 1097 2924 et
1122 2864 1235 2938 quidem

147 2948 273 3028 plurimi,
288 2967 347 3024 -per
360 2954 454 3025 partes
474 2949 622 3006 orationis!
644 2948 695 3006 sed
715 2948 745 3004 id
762 2948 875 3008 tradere
894 2949 960 3006 satie
980 2967 1038 3006 uon
1060 2953 1119 3018 est,
1139 2965 1176 3010 ne
1194 2947 1235 3006 ita
1305 2957 1307 2962 '

149 3033 260 3093 demum
273 3033 370 3089 vitium
385 3051 445 3091 ease
459 3034 554 3091 credat
571 3050 659 3111 puer,
677 3031 700 3088 si
713 3051 765 3110 pro
773 3031 828 3088 alia
839 3039 960 3110 ponatur
973 3032 1043 3104 alia,
1065 3038 1098 3090 ut
1116 3031 1233 3106 verdum,
1283 3057 1288 3062 ·

106 3117 141 3178 49
149 3119 196 3178 ubi
209 3137 302 3176 nomen
313 3137 374 3176 esse
388 3117 525 3190 debuerit,
538 3115 581 3176 vel
595 3115 758 3189 ιιιιυιιιιιιιιι,
773 3116 820 3174 ubi
827 3135 976 3194 pronomen,
990 3123 1020 3178 et
1031 3117 1137 3176 similia„
1158 3117 1234 3178 Nun

149 3210 214 3266 snat
227 3204 366 3280 quaedam
378 3208 507 3282 cognata,
527 3208 561 3260 ut
573 3202 683 3274 dicunt,
705 3202 734 3260 id
748 3206 792 3260 est
806 3202 928 3261 airudern
941 3204 1060 3278 generis,
1081 3205 1111 3280 in
1125 3203 1233 3280 quibus,
1270 3213 1276 3222 '

4 3285 5 3304 ¹
105 3339 108 3348 .
149 3291 197 3369 qui
215 3290 268 3348 alia
288 3290 395 3368 specie,
418 3306 501 3366 quam
520 3293 647 3366 oportet,
670 3291 779 3360 ntetru,
801 3305 859 3346 nou
875 3289 981 3362 minus,
1004 3307 1088 3367 quarn
1107 3289 1169 3369 ipso
1183 3307 1233 3363 ge·

148 3395 215 3438 uere
233 3381 408 3455 permutato,
439 3372 594 3450 deliquerit.
637 3371 712 3431 Nam
733 3378 858 3432 etanet-
870 3379 921 3433 aul
933 3375 1138 3434 coniunctiones
1152 3378 1232 3432 aunt:
1283 3441 1301 3452 χ

4 3523 6 3532 ,
107 3460 221 3521 somate
241 3467 334 3522 temen
353 3462 526 3536 interroges,
556 3457 615 3532 lu'c,
638 3464 688 3516 aut
702 3455 764 3531 elle,
788 3459 846 3518 cit?
867 3465 897 3530 et
910 3479 942 3519 ne
959 3479 992 3520 ae
1014 3479 1065 3520 non
1083 3459 1232 3520 adverbia:

149 3547 197 3622 qni
211 3551 306 3606 tanim
325 3547 399 3605 dieat
417 3564 470 3626 pro
490 3543 554 3618 illo,
577 3541 622 3603 Ne
635 3543 750 3622 seceris,
773 3541 961 3624 Nonsecerie,
985 3547 1014 3604 in
1035 3547 1112 3606 idem'
1130 3543 1234 3602 incidat

79 3669 84 3678 -
148 3631 262 3704 vitium,
285 3633 351 3707 quia
367 3631 484 3692 alterum
501 3630 626 3706 negandi
645 3637 703 3704 est,
728 3628 847 3690 alterum
870 3633 991 3692 vetandi.
1017 3631 1099 3698 fHoe
1115 3628 1233 3708 amplius

218 3863 292 3936 543.
311 3868 442 3922 Devenere
456 3868 540 3938 locri]
559 3865 635 3936 Apud
653 3865 730 3949 Virg.
743 3867 808 3917 Aen
822 3863 844 3928 1,
861 3866 923 3920 365.
941 3871 972 3917 ιιι
986 3865 1137 3920 conticuere
1148 3879 1234 3920 omnen

149 3937 211 3992 ibid.
225 3938 260 4003 ll,
275 3942 299 3994 1.
333 3936 395 3992 Mox
412 3939 643 3992 Consedereducer
656 3935 737 3988 ovid.
751 3933 855 3989 Metam.
871 3932 944 3999 xm,
967 3939 991 3990 1.

217 4011 234 4074 5
246 3975 289 4062 44.
304 4008 385 4076 prr'rur
379 4008 471 4076 lilri]
495 4026 518 4060 c
534 4009 627 4062 19.-
597 4007 681 4058 ·-‘c'n
696 4006 846 4057 Oratorec
858 4002 902 4059 47

166 4073 294 4140 ’545
308 4078 432 4146 proprie]
450 4077 518 4144 Surp
520 4073 660 4128 ainAual.
677 4091 704 4144 p
697 4075 763 4130 52.
776 4071 962 4142 ruterpretatur
970 4091 1126 4146 praeapae
1143 4078 1174 4126 ut
1186 4070 1234 4135 ill

152 4143 193 4207 17,
211 4145 237 4196 7
259 4145 294 4210 X,
312 4151 338 4210 1,
358 4145 417 4202 114
435 4094 723 4208 RuhnkadVellll
741 4143 768 4200 9.
785 4145 867 4254 [nii.
