2774 4444
280 267 288 288 ,.
355 221 381 246 ¹·
419 187 890 304 cns·r.',onsroa.-n1n
912 225 1021 300 nce
1134 287 1141 296 ,
1201 231 1265 293 rar
1337 253 1344 266 x

166 381 281 440 unimus
291 375 485 448 deliberantis,
506 393 564 432 non
576 375 640 452 ipsa
655 373 766 436 bonesti
779 383 894 453 natura,
918 398 1003 456 quarn
1013 378 1058 440 ille
1072 395 1129 438 aon
1141 382 1264 460 respicit,

174 463 393 548 permovendum
414 462 465 520 sed
478 462 576 530 laude,
599 461 679 536 vulgi¹
690 463 839 538 opinione,
854 471 899 536 et,
912 466 934 522 si
944 471 1044 544 'panim
1059 467 1185 543 prolio'et
1195 467 1269 526 haee

167 552 295 621 sanitas,
318 553 445 606 secutura
463 567 499 605 ex
520 546 562 604 his
582 546 721 620 utilitate3
748 549 891 624 aliquanto
910 570 976 610 vero
998 551 1087 628 magis
1099 551 1262 611 obiiciendo
1372 589 1376 595 -

175 637 299 710 aliquos,
322 633 345 690 si
356 633 465 710 diversa
478 632 590 703 lecerit,
613 639 711 690 metus.
755 632 830 690 Nam
847 641 959 712 praeter
972 637 1017 709 id,
1039 637 1116 713 quod
1127 637 1169 694 his
1182 637 1305 700 levislo

129 742 134 751 ³
176 721 237 778 simi
256 721 387 794 cuiusque
406 719 513 775 animus
533 717 660 775 facillime
679 724 812 791 terretur,
834 721 927 778 nescio
946 737 983 778 an
1002 723 1086 779 etiam
1103 722 1264 785 naturaliter

176 805 252 884 apud
264 805 395 882 plurimos
407 803 468 880 plus
480 801 575 860 valeat
587 802 722 860 malorum
734 805 830 876 timor,
846 823 929 879 quom
942 825 1006 882 spes
1023 807 1170 866 bonoram:
1192 810 1263 866 sieut

174 890 282 949 facilior
292 889 382 968 eidem
396 889 537 966 turpium,
561 907 643 963 qoam
656 888 850 962 honestorum,
872 889 1028 950 intellectus
1042 897 1094 951 est.
1133 893 1303 968 Aliquan-ll

176 978 214 1034 do
227 975 309 1032 mois
322 993 434 1050 quoque
445 975 599 1032 suadentur
611 993 710 1051 pamm
722 976 835 1033 deeora:
857 976 1068 1055 dautur‘parmn
1081 977 1160 1036 bonis
1173 980 1263 1036 consi·

177 1061 231 1135 lia,
251 1060 398 1135 inquibus
420 1060 560 1136 ipsorum,
582 1060 630 1134 qui
648 1059 808 1132 considunt,
829 1066 971 1138 spectatur
988 1062 1100 1120 utilitas.
1143 1062 1267 1122 Neome·

106 1143 359 1222 'astviallin'quae
376 1145 469 1202 statim
489 1145 624 1220 cogitatio
645 1146 737 1203 subire
749 1146 839 1222 possit
853 1145 1011 1224 legentem:
1026 1148 1090 1206 Hoc
1104 1167 1172 1224 ergo
1183 1150 1306 1226 prae-42

177 1229 267 1309 cipis?
288 1237 317 1289 et
330 1230 384 1288 hoc
398 1232 441 1288 sas
452 1227 557 1307 putas‘l
586 1229 716 1288 rotent
731 1249 777 1290 me
792 1231 909 1290 liberare
922 1231 1037 1313 Cicero,
1059 1233 1158 1309 quiite
1171 1233 1274 1292 scnbltv

175 1318 214 1376 ad
226 1318 353 1387 Brutum,
375 1316 524 1392 propositis
538 1313 670 1391 plurimis,
691 1335 763 1392 quae
775 1317 891 1376 honeste
905 1318 1015 1376 suaderi
1029 1311 1276 1398 Caesaipossint':¹

73 1423 77 1432 ·
126 1401 134 1410 '
177 1403 269 1462 Simus
285 1402 367 1457 bonas
379 1403 438 1471 uir,
461 1403 487 1458 si
507 1399 572 1456 laec
585 1401 732 1457 suadeam?
762 1399 881 1460 Minime.
923 1403 1051 1461 Suasoris
1066 1407 1211 1483 eoimflnis
1225 1409 1264 1462 ert

174 1488 282 1547 utilitas
296 1489 371 1558 eiua,
394 1488 440 1542 eui
455 1488 564 1562 quiaque
578 1485 681 1542 suadet.
722 1486 761 1542 At
774 1493 846 1544 recto
860 1493 939 1545 sunt.-
961 1492 1021 1566 puis
1034 1491 1138 1564 negot?
1158 1489 1203 1546 secl
1213 1509 1265 1546 non

171 1578 216 1630 'est
230 1591 328 1648 seraper
342 1573 421 1628 rectis
439 1572 468 1654 r'n
482 1570 616 1628 suadendo
630 1571 710 1627 locus.
754 1571 813 1630 Sed
826 1572 892 1648 quia
905 1580 949 1632 est
958 1573 1046 1630 ¹altior
1058 1576 1193 1648 quaestio,
1212 1593 1265 1633 nec

170 1664 281 1718 amun
293 1657 331 1714 ad
343 1656 480 1714 scrasouias
494 1657 631 1734 pertinet,
646 1657 800 1714 destinatus
813 1663 856 1715 est
869 1658 934 1715 mihi
947 1659 991 1716 bic
1003 1658 1079 1716 locus
1090 1660 1264 1733 duodecimo,

173 1745 221 1821 qui
235 1761 355 1802 summus
372 1744 478 1800 futurus
493 1748 551 1814 est,
573 1742 650 1800 libro.
695 1741 757 1800 Nec
777 1761 833 1819 ego
852 1744 1001 1820 quidquam
1015 1743 1074 1803 tieri
1086 1747 1206 1823 turpiter
1217 1765 1261 1804 ve
1271 1751 1307 1808 43

172 1829 239 1888 lime
274 1827 377 1896 Verum
397 1827 507 1888 interim
527 1827 595 1886 haec
614 1826 660 1888 rel
682 1828 720 1884 ad
736 1826 888 1887 scholamm
903 1830 1112 1888 exercitationes
1125 1832 1264 1909 pertinere
1339 1900 1347 1914 ,

174 1915 336 1984 medantam
363 1925 428 1970 nam
447 1919 476 1972 et
491 1914 647 1989 iniquorum
663 1914 738 1970 ratio
756 1914 897 1972 noscenda
920 1921 978 1987 est,
1007 1921 1039 1972 nt
1058 1915 1153 1976 melius
1175 1935 1265 1992 aequo
1286 1911 1295 1919 “

174 2007 308 2059 tueamur.
352 1999 467 2057 Interim
489 2000 512 2056 si
531 2000 594 2074 quis
610 1997 686 2056 bono
707 1997 853 2058 inhonesta
872 1999 1017 2072 suadebit,
1037 2002 1193 2066 meminerit
1207 1991 1312 2062 nonlt‘

174 2086 291 2145 suadere
303 2089 437 2160 tanquam
451 2085 613 2156 inhonesta,
634 2089 667 2140 ut
683 2083 796 2159 qnidam
809 2082 1006 2142 declamatores
1018 2083 1131 2142 Sextum
1144 2085 1264 2163 Pompe-

174 2175 231 2230 inrn
249 2170 287 2226 ad
305 2170 466 2247 piraticam,
487 2175 604 2247 propter
620 2167 674 2225 boe
692 2170 802 2244 ipsum,
831 2169 906 2244 quod
926 2169 1015 2245 turpis
1036 2173 1064 2226 et
1082 2169 1199 2228 crudelis
1219 2170 1264 2245 sit,

174 2253 331 2334 impellant:
353 2253 404 2312 sed
425 2254 533 2311 dandos
552 2253 605 2311 illis
625 2252 794 2310 deformibus
807 2251 896 2327 color,
918 2255 1003 2329 idque
1019 2254 1103 2311 etiam
1117 2255 1191 2332 apud
1204 2271 1264 2312 ma·
1358 2299 1365 2306 .

174 2341 224 2399 los.
268 2337 370 2416 Neque
382 2339 454 2397 enirn
470 2345 513 2397 est
526 2339 672 2418 quisquam
685 2337 860 2413 tarnmalus,
882 2345 913 2398 nt
927 2337 1014 2397 rideri
1026 2337 1100 2398 velit.
1141 2339 1192 2400 -Sic
1205 2341 1305 2402 cio-45
1330 2383 1333 2388 -

173 2427 253 2486 tilina
271 2426 348 2503 apud
359 2423 517 2483 Sallustium
536 2423 675 2501 loquitur,
695 2429 729 2482 ut
748 2443 805 2484 rem
825 2423 1059 2485 sceleratissimam
1078 2445 1135 2484 non
1146 2425 1261 2498 malitia,

171 2513 224 2572 sed
236 2512 443 2587 indignatione,
464 2511 591 2569 rideatur
600 2512 712 2568 andere.
754 2511 802 2569 Sic
814 2510 914 2571 Atreus
927 2511 1003 2590 apud
1017 2508 1145 2569 Varium:

161 2641 163 2648 ,
258 2629 301 2642 --
322 2594 383 2654 Iam
399 2596 463 2674 fero
483 2596 603 2672 (inquit)
625 2594 833 2673 infandissima,

257 2680 318 2739 Iera
335 2681 430 2759 focem
451 2699 539 2755 cogor.

175 2769 288 2836 Quanto
308 2767 397 2840 magis
418 2766 474 2836 eis,
495 2764 595 2840 quibus
611 2781 692 2822 corae
709 2765 867 2837 inmaduit,
888 2761 1092 2822 oonseraandus
1107 2768 1151 2822 est
1162 2761 1207 2822 hic
1218 2763 1261 2823 rel

174 2849 318 2911 arnbitosi
359 2850 454 2918 Quare
464 2854 507 2921 et,
536 2866 598 2906 cunr
612 2849 740 2908 Ciceroni
753 2849 882 2907 dabimus
894 2847 1053 2922 consilinm,
1074 2849 1303 2912 otAntom‘umld

172 2943 266 3014 roget,
289 2934 334 2995 vel
347 2936 429 2996 etiarn
443 2939 476 2992 ut
489 2931 657 3010 Philippicas
677 2936 731 3009 (ita
744 2936 830 2992 vitam
844 2933 992 3013 pollicente
1003 2933 1053 3008 co)
1066 2941 1180 3007 murat,
1202 2953 1273 2992 non1
1328 2992 1332 2998 ,
1347 2961 1354 2971 ·

173 3013 352 3103 cupiditatem
373 3019 442 3078 lucis
462 3019 643 3095 allegabimus
662 3021 745 3096 (haec
761 3021 834 3100 enirn
850 3021 872 3078 si
886 3017 959 3078 valet
971 3020 1001 3076 in
1013 3019 1104 3076 animo
1120 3019 1193 3092 eins,
1215 3025 1259 3078 ta-

174 3109 298 3168 centibus
317 3125 428 3184 quoqoe
446 3106 527 3166 nobis
545 3105 650 3182 valet),
673 3106 737 3178 sed,
760 3111 792 3164 nt
806 3125 836 3164 se
852 3103 1017 3182 reipublicae
1030 3109 1138 3178 servet,
1163 3105 1260 3162 borta-

115 3195 272 3254 asebium.
294 3193 363 3250 Hae·
368 3192 405 3251 illi
419 3211 489 3270 opas
502 3197 546 3250 est
556 3192 713 3252 occasione:
726 3209 838 3250 neenm
852 3190 948 3248 talium
960 3207 1072 3268 precam
1084 3191 1197 3268 pudeat.
1221 3189 1259 3247 Et
1267 3194 1301 3252 47

175 3279 210 3338 C.
224 3279 337 3338 Caesari
348 3277 498 3338 suadentes
510 3295 643 3353 regnum,
665 3275 876 3349 otiirmabinm,
898 3282 973 3334 stare
986 3276 1041 3332 iarn
1053 3273 1258 3352 rempublicam,

244 3534 261 3597 5
280 3528 324 3584 42
347 3545 415 3598 qaae
434 3529 540 3584 marte
557 3529 665 3582 mdors'
687 3529 799 3580 camara
812 3527 929 3596 possint]
952 3526 998 3579 Sia
1015 3523 1106 3578 'l‘nria
1120 3523 1208 3576 Alnel.
1229 3533 1258 3578 et

176 3601 293 3658 Voss&
313 3616 370 3651 curo
388 3598 472 3668 princ.
492 3599 533 3652 ed.
553 3597 642 3668 Canop
668 3596 757 3649 Guell.
771 3606 879 3665 possunt
898 3615 930 3650 ex
950 3593 1103 3658 Quintiliani
1119 3592 1256 3656 sententia,

176 3671 257 3724 minus
273 3667 534 3740 probabiliter-sedd.
548 3685 635 3720 omnes
646 3675 765 3735 possent,
784 3666 873 3735 quasi,
891 3675 920 3719 ut
933 3665 1023 3734 Spald.
1037 3663 1181 3724 existimat,
1198 3663 1258 3730 ipsa

177 3735 243 3794 llaec
262 3733 394 3808 proposita
412 3755 461 3790 non
482 3753 515 3790 ea
533 3736 602 3801 sint,
625 3753 691 3806 quae
711 3733 859 3788 indicantur
880 3732 997 3806 sequenti
1016 3731 1165 3802 pronomine
1183 3733 1257 3783 baec.

177 3805 250 3872 Quid
268 3807 333 3859 enim
354 3807 421 3870 alia,
444 3805 547 3858 silentio
565 3805 667 3875 quidem
684 3803 727 3856 hic
742 3804 938 3872 praetemisra,
961 3801 1153 3872 intelligamus?
1174 3801 1257 3851 Recte

176 3893 241 3931 vero
258 3875 344 3928 wora
360 3875 557 3938 animadvertit,
581 3876 672 3928 bonum
690 3873 773 3926 rirnm
793 3891 851 3928 esse
864 3874 988 3935 eundem,
1006 3889 1079 3940 quem
1098 3870 1153 3921 Cic.
1169 3865 1256 3918 statim

177 3943 298 4005 definiat,
318 3945 438 3996 Suasoris
453 3946 520 3998 anim
535 3950 680 4014 etaatqne
694 3943 779 4014 qnod,
802 3953 913 3996 rectane
929 3942 995 4002 siat,
1013 3939 1160 3998 dubitator,
1179 3935 1257 3988 docet

175 4016 203 4069 ln
217 4014 274 4084 ipsa
286 4011 472 4066 deliberatione
488 4015 550 4066 bene
567 4016 718 4066 suadentem
733 4012 827 4081 opponi
842 4020 915 4066 recto
934 4009 1057 4078 sequenti.
1092 4005 1121 4056 ln
1139 4003 1256 4076 epistulis

176 4085 233 4138 Clo.
248 4082 281 4136 ad
296 4082 416 4144 Brutum
433 4099 501 4166 qnae
510 4081 587 4138 hodie
598 4081 734 4144 dicontur,
760 4082 802 4134 bio
817 4081 887 4134 locus
899 4095 948 4132 noo
962 4077 1066 4144 legitur.

244 4149 319 4230 §45-
336 4150 506 4224 salomom]
527 4150 603 4204 (toni.
621 4151 679 4204 Cat.
692 4168 715 4203 c.
728 4152 772 4205 20.
830 4152 832 4156 ’
992 4167 996 4174 ’
