2788 4452
389 233 981 338 rnsr.onnrou.·em.1,1o.
1039 239 1052 268 ··
1204 239 1250 306 so

160 395 367 458 remano.
410 394 470 453 sse
485 393 541 452 ors
559 393 664 452 noos
682 399 754 454 soa.
797 373 1290 479 nanquamnmpmpoloalo

160 486 275 543 credat:
300 483 424 550 Quorum
442 477 564 538 locorum
589 485 728 542 extremae
748 477 837 540 imeae
857 484 1153 542 moden-messmam
1174 481 1249 540 colli-
1321 507 1327 514 ·

162 575 248 646 gunt,
272 581 367 628 eonnn
388 567 507 644 spetiem
527 577 655 641 quoqne,
677 566 754 640 quod
771 563 816 622 liis
840 565 919 626 lineis
938 561 1111 640 continetur,
1133 567 1263 645 parsit

163 670 279 713 necesse
295 651 362 734 est‘l
403 651 442 708 let
463 651 495 708 id
513 649 614 708 falsum
634 655 694 708 est:
729 652 805 709 Nam
821 650 968 728 plurimum
988 655 1093 727 refert,
1119 653 1193 711 cuius
1213 647 1251 710 sit
1337 675 1340 682 ·

104 741 269 798 11sscrmae
290 737 336 796 ille
357 737 496 796 circuitus:
525 734 742 813 reprehensique
762 738 945 812 ageometris
960 743 1024 796 sunt
1043 738 1183 812 historici,
1200 736 1251 813 qni

162 823 365 900 mugnimdincs
378 820 529 882 maclarum
545 821 612 878 satis
632 817 782 896 significari
794 820 982 897 navigationis
1001 823 1106 882 ambitu
1124 820 1250 882 credide·

161 915 235 968 runt
277 906 353 968 Nem
375 912 407 964 ut
429 917 558 983 quaeque
579 907 669 981 forma
693 906 911 983 perfectissima,
939 909 980 968 ita
1002 909 1178 986 mpscinimo
1197 911 1250 967 est.
1284 909 1288 917 “

161 995 287 1070 Ideoque
305 991 353 1050 illa
372 992 592 1050 cnernncurrens·
604 990 692 1064 buca,
714 991 737 1048 si
756 989 860 1052 efficiet
879 994 990 1066 orben,
1013 1011 1086 1070 quae
1099 994 1188 1053 torma
1206 984 1291 1052 ssttt

9 1067 16 1089 ⁵
109 1103 113 1110 ·
153 1081 193 1137 in
207 1078 298 1158 plan's
312 1077 430 1138 manime
449 1077 593 1154 perfecta,
611 1075 728 1156 amplius
745 1077 868 1154 spatium
889 1078 1099 1157 complectetur,
1122 1095 1205 1155 quam
1227 1077 1252 1134 si
1284 1115 1288 1122 -
1375 1133 1381 1142 ,

165 1164 330 1240 quadratum
350 1162 463 1240 paribus
476 1161 538 1218 oris
552 1160 662 1221 efficiat.
703 1161 809 1220 Rursus
828 1163 1142 1239 quadratabiangsnlis,
1163 1164 1251 1240 trian-
1383 1168 1385 1174 ’

138 1267 141 1274 ·
163 1241 230 1324 girls
243 1249 305 1326 ipsa
318 1247 380 1325 plus
396 1247 491 1322 aequis
510 1245 657 1328 lateribus,
679 1265 764 1323 quam
783 1249 1000 1324 inaeqsmlibus.-'
1023 1249 1083 1310 sed
1100 1249 1155 1308 alia
1168 1243 1293 1308 forst-42

164 1333 213 1392 tan
227 1334 398 1392 obscuriora:
420 1350 472 1388 nos
487 1331 646 1390 facillimum
665 1332 750 1390 etiam
763 1332 898 1411 imperitis
912 1353 1059 1412 sequamur
1079 1335 1252 1412 experimen-

163 1425 233 1478 tum.
276 1417 369 1493 lugeri
383 1435 550 1488 mensuram,
571 1418 706 1476 ducentos
724 1423 754 1476 et
769 1419 956 1496 quadraginta
970 1421 1151 1496 longinidinis
1163 1421 1252 1498 pedes

165 1521 241 1576 esse,
263 1502 434 1578 dimidioque
447 1501 477 1559 in
488 1499 663 1560 latitudinem
678 1507 791 1579 patere,
815 1523 872 1562 non
886 1507 945 1564 fere
963 1507 1108 1582 quisquam
1124 1498 1183 1579 est,
1198 1505 1253 1581 qul
1315 1503 1317 1512 '
1339 1503 1359 1536 ’-

163 1590 291 1666 ignoret':
313 1592 342 1646 et
354 1587 402 1663 qui
414 1586 450 1644 sit
462 1586 606 1660 circuitus,
632 1593 662 1646 et
677 1591 811 1663 quantum
822 1591 912 1667 campi
923 1589 1042 1663 claudat,
1062 1589 1192 1665 colligere
1204 1607 1252 1648 ex·
1368 1621 1375 1628 ·

162 1675 302 1753 peditum·
340 1671 379 1730 At
392 1672 500 1756 centeni
518 1677 548 1730 et
560 1673 689 1748 octogeni
711 1673 891 1752 inquamqne
908 1682 1017 1752 partem
1037 1676 1143 1754 pedes,
1178 1669 1294 1734 ademta
1336 1683 1339 1690 ’

162 1761 283 1845 spatium
298 1758 493 1830 extremitatis,
515 1757 664 1840 sed-multo
677 1758 793 1837 amplius
810 1759 921 1820 clausae
938 1759 1059 1837 quatuor
1076 1761 1156 1822 lineis
1171 1779 1253 1819 aream

163 1846 276 1904 faciunt.
308 1843 376 1912 ldsi
390 1833 550 1921 computare
562 1862 644 1920 quem
664 1845 761 1922 piget,
782 1844 953 1905 brevioribus
974 1849 1094 1908 ninneris
1113 1847 1187 1906 idem
1209 1847 1269 1904 di·-

164 1935 232 1988 scat.
274 1925 355 1988 Nam.
371 1929 437 1988 deni
457 1929 488 1986 in
509 1930 645 2004 quadrum
664 1931 770 2008 pedes,
791 1933 976 2008 qnadraginta
993 1953 1044 2010 per
1058 1952 1151 2006 oram,
1179 1933 1253 1990 intra

111 2051 115 2056 -
151 2020 283 2088 bcentnm
298 2018 386 2074 erunt
429 2011 468 2071 At
483 2014 507 2070 si
521 2014 663 2090 quinideni
684 2011 735 2092 pe'r
751 2015 854 2090 latera,
876 2019 954 2094 quini
971 2021 1000 2076 in
1014 2019 1111 2077 fronte
1127 2018 1196 2077 sint:
1219 2035 1254 2076 ex
1286 2038 1288 2044 ¹

164 2101 227 2172 illo,
250 2101 326 2176 quod
339 2099 556 2177 aruplectrmtur,
578 2101 703 2179 quartam
716 2101 856 2160 deducent
871 2104 969 2161 eodem
981 2104 1177 2162 cncumductu.
1220 2089 1295 2160 sill

165 2205 232 2244 vero
246 2186 369 2260 porrecti
382 2179 523 2260 utrimque
535 2184 698 2242 undeviceni
711 2184 825 2260 singulis
841 2186 962 2260 distent,
984 2205 1041 2246 non
1063 2187 1156 2266 plures
1175 2187 1251 2244 intus

167 2269 318 2346 quadratos
331 2268 485 2342 habebunt,
501 2287 584 2344 qnam
597 2288 649 2346 per
662 2274 730 2350 quot
740 2269 886 2345 longitudo
902 2271 1030 2332 ducetur:
1051 2291 1125 2349 quae
1139 2273 1253 2330 circnma
1335 2307 1341 2326 ,

166 2355 220 2414 ibit
234 2360 325 2414 autem
336 2353 419 2426 linea,
440 2345 562 2412 eiusdem
576 2353 659 2432 spatii
675 2355 742 2428 erit,
757 2356 832 2414 cuius
848 2377 891 2431 ea,
904 2377 987 2434 cquae
999 2359 1107 2419 sennim
1120 2358 1251 2418 continet

164 2439 208 2500 lta
222 2440 359 2517 quidquid
377 2441 483 2497 formae
497 2439 626 2515 quadrati
641 2440 808 2523 detraxeris,
830 2442 1004 2521 amplitudini
1019 2463 1130 2521 quoque
1141 2444 1252 2522 peribit

165 2525 242 2602 Ergo
254 2525 343 2584 'etiam
361 2525 391 2583 id
409 2525 470 2584 fieri
486 2530 596 2604 potest,
617 2530 647 2582 ut
664 2525 769 2586 maiore
786 2527 900 2587 circuitu
919 2531 1011 2588 minor
1027 2530 1081 2588 loci
1101 2513 1294 2606 amplitud045
1333 2579 1336 2583 .

109 2611 314 2672 tttdaudatur.
357 2609 572 2688 Hocinplanis.
614 2607 689 2690 Nam
707 2611 738 2670 in
752 2611 866 2671 collibus
885 2613 1055 2691 vallibusque
1068 2615 1152 2690 etiarn
1165 2610 1253 2691 impe·

162 2700 217 2756 rito
231 2702 310 2775 patet
323 2695 385 2774 plus
395 2696 448 2762 soli
462 2715 538 2768 esse,
562 2710 648 2772 quam
657 2695 735 2753 coeli.
771 2695 868 2764 Quint
889 2700 966 2774 quod
984 2719 1015 2758 se
1029 2699 1127 2758 eadem
1142 2689 1295 2774 geone-46

164 2785 220 2841 tria
234 2781 306 2840 tollit
318 2781 355 2839 ad
364 2781 503 2861 rationem
514 2799 600 2855 usque
613 2777 731 2840 mandit
752 2781 782 2838 in
796 2800 861 2857 qua,
877 2803 938 2841 cum
953 2784 1074 2844 siderum
1084 2789 1173 2847 certos
1187 2801 1254 2842 con-

165 2869 329 2943 stitutosque
342 2885 435 2924 cursus
448 2864 569 2924 numeris
581 2865 677 2938 docet,
701 2865 829 2924 discimus
845 2867 914 2926 nihil
928 2888 988 2928 esse
1005 2870 1192 2930 inordinatim
1212 2874 1255 2926 at·
1339 2931 1342 2938 Ι

167 2973 221 3031 qne
237 2953 395 3012 fortuitum:
418 2952 496 3028 quod
512 2951 603 3029 ipsum
613 2963 812 3027 nonnunquam
825 2954 964 3032 pertinere
979 2956 1016 3014 ad
1032 2961 1171 3016 oratorem
1187 2959 1252 3034 pot-

168 3045 218 3100 est
261 3036 306 3096 An
325 3056 408 3111 vero,
430 3057 492 3096 cum
505 3035 624 3096 Pericles
642 3035 825 3096 Athenienses
840 3038 904 3097 solis
924 3041 1115 3100 obscuratione
1129 3042 1250 3112 territos,
1260 3033 1294 3092 47

157 3125 284 3182 'redditis
298 3124 355 3183 eius
368 3122 409 3181 rei
424 3123 519 3195 causis,
532 3127 607 3181 metu
621 3120 762 3183 liberavit:
774 3129 821 3182 ant
833 3145 894 3184 cum
908 3126 1044 3206 Sulpicius
1058 3126 1103 3185 ille
1115 3125 1211 3184 Gallus
1224 3126 1269 3200 in¹

168 3209 287 3268 exercitu
298 3207 332 3266 L.
343 3207 427 3266 Pauli
442 3209 477 3267 de
491 3207 589 3267 Lunae
601 3209 761 3268 defectione
772 3210 908 3284 disseruit,
929 3232 965 3272 ne
978 3211 1052 3280 velut
1064 3211 1194 3290 prodigio
1210 3209 1253 3269 di-

141 3359 145 3368 ,
167 3294 268 3352 vinitas
283 3293 355 3352 facto
374 3293 490 3352 militum
503 3293 587 3352 animi
598 3299 777 3367 terrerentur,
793 3315 851 3352 non
863 3295 971 3354 videtur
985 3317 1045 3356 esse
1056 3317 1121 3354 usus
1136 3293 1251 3352 oratoris

57 3371 63 3380 ’
168 3377 285 3438 officio?
302 3377 392 3446 Quod
405 3381 428 3436 si
440 3379 535 3439 Nicias
550 3379 578 3437 in
592 3379 685 3438 Sicilia
699 3379 810 3454 scisset,
832 3375 896 3438 non'
906 3383 1006 3441 eodem
1029 3383 1155 3440 confusus
1176 3383 1252 3438 metu
1261 3376 1294 3434 48

167 3463 378 3546 pulcherrimum
385 3464 589 3523 Atheniensium
598 3467 746 3524 exercitum
760 3465 942 3543 prodidisset:
962 3467 1033 3524 sicut
1045 3464 1131 3539 Dion,
1139 3486 1200 3523 cum
1215 3463 1253 3524 ad
1347 3519 1352 3524 .
1374 3491 1377 3498 ’

167 3551 363 3610 destruendam
376 3548 503 3626 Dionysii
512 3551 686 3625 tyrannidem
701 3551 777 3608 venit
782 3594 800 3623 ‚.
813 3569 870 3608 uon
887 3556 931 3610 est
945 3549 994 3608 tali
1016 3569 1079 3616 casu
1094 3549 1251 3610 deterritus.

168 3637 232 3694 Sint
251 3642 343 3708 extra,
372 3634 466 3710 licet,=
480 3643 543 3692 usus
572 3630 678 3708 bellici,
710 3641 950 3714 transeamusque,
979 3638 1055 3714 qnod
1075 3635 1252 3696 Archimedes

168 3741 236 3779 unus
256 3712 649 3800 obsidionem'Syracusarurn
670 3721 699 3778 in
717 3720 826 3797 longius
856 3713 955 3781 traxit:
984 3719 1051 3780 illud
1077 3725 1174 3802 utique
1196 3716 1316 3784 tamtus

167 3808 311 3885 proprium
328 3812 372 3867 est
383 3805 421 3864 ad
438 3803 613 3880 efficiendum
630 3803 706 3882 quod
720 3806 900 3882 intendimus,
921 3807 1053 3887 plurimas
1066 3808 1251 3885 quaestiones,
1360 3860 1364 3870 ,

166 4017 202 4076 ns
213 4021 257 4076 rel
270 3981 418 4076 offensionis
428 4027 530 4078 causam
543 4015 677 4094 quaerere,
710 4039 777 4090 uam,
789 4030 818 4076 ut
830 4021 920 4108 Spald.
936 4020 1157 4104 etWollivolppt,
1167 3996 1252 4104 trans-

166 4107 262 4162 ponere
290 4093 424 4160 omaoyp.
447 4109 511 4162 quas
538 4103 643 4160 occant.
677 4095 723 4147 Sic
743 4093 801 4164 ipse
813 4099 961 4164 scripsisset
974 4091 1064 4154 Quint.
1084 4105 1133 4141 msr
1148 4105 1253 4160 genens

101 4202 106 4210 .
166 4177 259 4216 nomen
278 4162 306 4216 in
326 4170 411 4216 mente
427 4161 567 4242 habuisset.
1152 4205 1153 4210 ,
