2774 4444
117 711 172 786 ,³⁶³
291 699 336 764 Μ.
388 653 1156 796 nourr-ooruurnrrur
1275 715 1279 723 ·

404 836 407 844 ’
691 843 757 890 1)ss

395 929 1100 1048 onerosius

178 1069 1369 1233 INS'I'I'l.¹U'l'10NE.x

360 1429 362 1436 Ι
429 1253 633 1392 cinon
698 1329 1027 1430 ourunus
1230 1247 1235 1306 l

616 1504 824 1518 ὴ

468 1600 971 1660 ΡΒΟΟΕΜΗῙΜ.

176 1709 325 1815 Fuerunt,
347 1747 377 1802 et
388 1740 456 1805 deri
468 1745 582 1822 quidem
600 1750 743 1819 auctores,
764 1745 864 1822 quibus
879 1744 969 1804 solum
987 1746 1127 1806 videretur
1145 1747 1264 1806 oratoris

177 1827 298 1902 officinm
311 1826 410 1888 dooere.
451 1827 582 1907 Namque
595 1837 624 1890 et
643 1831 760 1894 affectus
773 1830 874 1909 duplici
889 1830 998 1890 ratione
1013 1831 1198 1890 excludendos
1211 1851 1264 1908 pn-

176 1914 289 1974 tohunt:
310 1914 438 1996 primum,
461 1916 528 1991 quiu'
539 1917 637 1976 vitium
653 1921 726 1974 esset
738 1917 826 1974 omnio
841 1916 927 1976 animi
938 1915 1128 1992 pessumum
1149 1915 1262 1989 deinde,
1289 1966 1292 1975 .

136 2029 140 2038 ·
175 2000 242 2076 quin
260 1997 413 2057 iudicemo
434 2000 552 2060 veritste
575 2000 677 2078 depelli
695 1999 899 2072 misericordia,
923 1998 969 2057 vel
987 2000 1044 2072 ira,
1064 1999 1262 2074 similibusque,
1287 2042 1289 2050 ‚

175 2101 233 2142 non
243 2085 402 2159 oporteret:
424 2088 454 2142 et
470 2082 643 2162 voluptutem
656 2084 828 2143 audientium
845 2089 959 2160 petere,
980 2101 1042 2140 cum
1054 2083 1183 2142 vincendi
1199 2089 1262 2140 tnn-

175 2173 236 2226 tnnr
251 2167 343 2242 grutiu
356 2166 510 2239 decretu,
531 2185 589 2226 non
600 2167 685 2228 modo
698 2167 793 2243 egenti
813 2184 1028 2244 supervacuum,
1049 2161 1100 2228 sed
1112 2167 1158 2224 vix
1177 2162 1261 2228 etium
1328 2201 1330 2209 ι

152 2250 237 2310 'viro
252 2251 382 2327 dignum,
404 2251 614 2312 arbitrabuntur.
656 2251 753 2313 Plures
770 2270 852 2326 vero,
874 2251 923 2327 qui
940 2270 992 2310 nec
1006 2251 1041 2310 eh
1062 2251 1114 2310 illis
1136 2252 1195 2310 sine
1209 2251 1286 2324 dn·2
1330 2275 1334 2282 ¹

51 2403 55 2410 ,
117 2359 166 2412 seo
175 2336 221 2397 bio
234 2335 360 2413 portibus
376 2336 512 2396 rationem
526 2338 624 2396 orandi
637 2342 855 2409 summoverent,
877 2336 930 2424 lroc
946 2341 1041 2398 tumen
1054 2337 1197 2415 proprium
1212 2341 1260 2393 nt·
1304 2359 1310 2368 ·

174 2441 230 2499 qne
241 2421 420 2499 praecipuum
434 2422 578 2482 crederent
593 2441 678 2500 opus,
699 2441 750 2483 suo
761 2419 939 2494 confirmare,
962 2427 1005 2494 et,
1028 2440 1101 2498 quoe
1111 2440 1146 2480 ex
1161 2421 1260 2479 sdver-

106 2525 112 2538 ·
174 2527 206 2566 so
218 2511 455 2586 proponerentur,
477 2509 607 2568 refutare.
643 2508 854 2582 Utrnmcunque
869 2511 912 2564 est
924 2507 1032 2582 (neque
1049 2507 1122 2564 enim
1135 2504 1188 2562 hoc
1198 2503 1284 2578 10003

173 2609 264 2651 meum
277 2592 423 2667 interpono
437 2592 633 2666 sententium),
660 2591 705 2650 hic
720 2592 772 2650 erit
784 2589 855 2648 liber
866 2589 975 2648 illorum
994 2591 1124 2666 opinione
1142 2588 1259 2646 maxime

174 2674 359 2744 necessarius,
380 2691 436 2749 quo
449 2679 510 2733 toto
522 2675 592 2734 hoec
603 2675 665 2734 solu-
683 2679 850 2733 tractantur:
872 2673 971 2749 quibus
991 2691 1058 2732 sone
1072 2679 1103 2732 et
1115 2691 1164 2744 ea,
1187 2689 1259 2747 qnae

119 2779 125 2793 ¹
174 2759 212 2819 de
227 2755 400 2818 iudicialibus
414 2759 501 2818 munis
514 2760 569 2818 iem
585 2760 751 2830 dictasunt,
772 2757 903 2816 serviunt
935 2755 1010 2816 Nam
1023 2752 1115 2834 neque
1123 2757 1285 2833 prooemii,4

173 2863 267 2920 neque
285 2844 450 2900 sanationis
470 2849 514 2902 est
533 2843 601 2902 alim
619 2863 699 2915 usus,
721 2861 811 2918 ,quum
829 2847 862 2900 ut
883 2841 1001 2900 iudicem
1021 2846 1202 2919 praeparent:
1229 2846 1263 2914 et·

173 2935 261 2990 stetur
278 2947 375 3000 nosse,
396 2932 481 3005 utque
494 2948 543 3001 ea,
566 2929 715 3005 dequibus
735 2927 1004 3004 suprascripsimus,
1025 2926 1141 2999 intueri,
1162 2943 1259 3002 super-

174 3031 289 3073 vacuum
311 3015 400 3086 foret,
435 3013 487 3072 nisi
508 3016 546 3074 ad
570 3013 641 3072 hanc
661 3013 876 3091 perveniremus.
925 3010 1055 3088 Denique
1075 3029 1109 3070 ex
1126 3011 1283 3087 quinque,5
1327 3079 1331 3085 ¹

133 3095 142 3104 ’
173 3117 243 3175 quus
254 3098 386 3158 iudicialis
398 3099 531 3160 materiae
543 3099 674 3170 fecimus,
687 3096 826 3176 partibus,
839 3113 1022 3174 quoecumque
1036 3095 1091 3154 aliu
1101 3100 1195 3172 potest
1208 3093 1259 3152 oli-

174 3184 287 3260 quando
304 3181 456 3256 necessario
470 3203 570 3244 causae
583 3203 641 3242 uon
653 3203 725 3244 esse:
748 3182 780 3240 lis
793 3181 868 3240 nulla
883 3187 943 3252 est,
964 3182 1008 3240 cui
1024 3180 1179 3256 probatione
1189 3196 1258 3254 opus

173 3287 231 3327 non
248 3268 292 3324 sit.
334 3268 399 3328 Eius
412 3275 560 3348 praecepte
579 3269 617 3328 sic
634 3269 738 3347 optime
757 3267 870 3324 divisuri
885 3266 1025 3336 videmur,
1046 3269 1078 3321 ut
1096 3263 1173 3340 prius
1184 3279 1259 3339 quoe

143 3407 145 3413 .
172 3353 203 3412 in
216 3371 362 3412 commune
382 3355 419 3412 od
439 3373 533 3414 omnes
553 3356 731 3431 quaestiones
751 3351 906 3429 pertinent,
929 3349 1122 3408 ostendamus:
1146 3346 1258 3420 deinde,
1355 3339 1360 3354 ’

174 3457 247 3516 qnae
259 3439 289 3498 in
304 3457 416 3515 quoque
434 3457 534 3498 consue
548 3458 651 3514 genere
664 3438 777 3516 propria
794 3441 874 3509 sunt,
897 3451 1087 3510 exsequemur.
1333 3469 1337 3474 -

227 3572 231 3578 .
257 3523 280 3582 I.
301 3522 344 3582 Ac
356 3523 446 3602 prima
459 3524 572 3600 quidem
583 3523 629 3582 illa
640 3525 769 3602 partitio,
790 3522 826 3579 ab
839 3517 990 3578 Aristotele
1002 3517 1121 3589 mdiu,
1143 3533 1259 3574 consen·

175 3609 306 3670 sumsere
320 3608 441 3666 omnium
458 3609 573 3682 monuit,
595 3609 661 3666 alios
681 3627 745 3668 esse
759 3606 941 3684 qooboh'ooes,
964 3621 1034 3680 quas
1052 3608 1129 3662 entre
1149 3600 1259 3660 dicendi
1370 3657 1371 3660 ,

116 3693 309 3768 „orationem
333 3694 471 3772 acciperet
491 3699 599 3767 oraton
628 3693 710 3768 olins,
737 3710 806 3768 quos
828 3709 861 3752 ex
886 3706 969 3748 conse
985 3687 1108 3748 traheret
1124 3688 1202 3764 ipse,
1229 3689 1259 3742 et
1312 3705 1317 3718 ·

175 3778 297 3852 quodam
315 3781 399 3838 modo
418 3780 556 3855 gigneret.
598 3779 723 3855 Ideoque
740 3776 800 3834 illas
815 3767 978 3853 detonsos,
995 3774 1024 3831 id
1039 3779 1084 3832 est
1094 3769 1258 3846 inartificio-

175 3861 229 3931 les,·
254 3859 304 3920 hus
326 3860 495 3941 ἒντὲχνᾳυς,
517 3866 548 3922 id
566 3869 610 3922 est
628 3861 801 3943 artificiales,
821 3864 1014 3919 vocorrertmt⁴
1037 3857 1081 3914 Ex
1099 3855 1145 3913 illo
1166 3852 1284 3933 prioreq

173 3965 277 4024 genere
300 3953 363 4006 sumt
378 3951 563 4025 procursu,
591 3942 721 4022 rumores,
750 3939 894 4018 tomento,
916 3942 1040 4014 tabulae,
1062 3935 1258 4009 iusiurandum,

173 4038 267 4108 testes,
288 4031 430 4112 inquibus
444 4053 509 4114 pars
522 4036 642 4097 monimo
655 4035 864 4096 contentionum
877 4029 1026 4092 forensium
1042 4023 1175 4085 consistit.
1198 4021 1257 4082 Sed
1333 4068 1337 4074 .

993 4111 1051 4204 92
