2774 4444
138 194 203 258 rra
276 157 283 162 ’
396 187 464 285 ,η
494 186 591 254 rin.
620 182 930 259 oururrcmru

139 345 219 410 nobis
237 343 447 425 exspectationis
467 343 586 417 adiecit,
616 346 726 413 tanturn
740 341 845 418 ingenii
864 341 984 420 aspiret,
1011 339 1164 419 dexterque
1184 355 1219 397 uc

140 431 234 491 volens
246 430 327 503 assit,
354 436 383 488 et
395 448 440 488 me
453 427 562 505 qualem
577 447 636 486 esse
649 427 784 500 credidit,
810 427 903 484 faeiat.

87 571 91 578 .
116 511 134 566 6
226 515 312 574 Cuius
332 513 399 572 mihi
416 512 557 589 religionis
570 531 627 580 non
646 511 715 570 haec
727 510 788 569 sola
799 511 887 584 ratio,
910 529 983 588 quae
1001 508 1136 583 mardma,
1159 513 1225 581 estc
1254 551 1258 560 .

141 598 309 674 aed'alioqui
327 598 367 656 sic
383 597 510 676 procedit
528 597 618 675 ipsum
632 615 719 675 opus,
739 602 772 654 nt
789 597 895 656 maiora
907 597 1066 675 praeteritis
1083 614 1117 654 ac
1130 594 1218 670 ineps

141 685 231 746 ardua
247 684 317 756 sint,
339 702 411 760 quae
430 682 580 758 ingrediorr
622 681 755 757 Sequitur
771 682 861 755 enirn,
889 687 922 739 ut
938 680 1112 740 iudicialium
1121 697 1220 738 cousu-

141 789 210 842 sum,
232 767 304 845 quae
317 775 381 826 snut
393 769 511 828 maxime
524 767 616 826 variae
630 785 663 824 ac
676 763 848 842 multiplices,
869 766 938 823 ordo
955 766 1122 844 explicetur:
1143 764 1221 841 quod

113 869 116 874 ’
137 856 266 935 prooemii
275 854 312 912 sit
325 852 461 924 officinm3
482 871 555 928 qnae
565 855 637 909 ratio
648 850 792 920 osmund,-
813 870 886 926 quae
898 851 1083 931 probationum
1096 845 1220 928 sit'fides,

142 959 193 1020 sen
208 939 345 1017 proposita
362 937 569 1009 confirmamus,
589 956 640 995 seu
660 941 751 994 couno
763 935 837 994 dicto
851 935 1040 1008 dissolvimus3
1061 941 1167 1012 quanta
1177 934 1219 994 ris

88 1029 97 1044 '
143 1025 172 1082 in
181 1022 343 1102 perorando,
364 1041 414 1080 seu
425 1022 573 1081 reficienda
589 1021 666 1080 brevi
687 1022 851 1098 repetitione
868 1041 960 1080 rerum
975 1021 1110 1082 memoria
1122 1025 1166 1079 est
1177 1021 1220 1078 in·

144 1109 226 1183 dicis,
254 1109 311 1166 sire
331 1107 448 1168 affectus
473 1105 565 1183 (quod
589 1112 633 1164 est
653 1105 737 1182 longe
755 1107 994 1183 potentissimum)
1021 1105 1226 1178 commovendi¹

81 1201 91 1214 '
118 1191 188 1254 rue
205 1191 305 1270 quibus
325 1192 451 1271 partibus
476 1189 591 1266 singulis
613 1190 726 1266 qnidam
748 1193 899 1268 separatim
919 1193 1037 1250 scribere
1056 1189 1221 1264 rnnlnuuut,

142 1277 218 1338 velut
231 1297 302 1335 onus
313 1278 399 1334 totius
413 1276 534 1352 corporis
547 1274 641 1348 veriti,
664 1281 694 1332 et
706 1276 745 1333 sic
759 1295 872 1352 quoque
884 1277 1038 1355 complures
1050 1278 1086 1336 de
1095 1293 1224 1352 unaqua-

143 1381 199 1440 que
214 1381 307 1420 earum
320 1361 403 1422 libros
417 1361 579 1420 ediderunt:
602 1379 672 1437 quas
683 1379 737 1436 ego
749 1381 844 1420 omnes
860 1380 946 1420 ausus
957 1368 1115 1435 contexere,
1135 1379 1223 1440 prope

40 1495 43 1500 ,
88 1487 94 1494 -
142 1447 279 1508 inlinitum
292 1446 357 1505 mihi
371 1446 492 1505 laborem
503 1446 659 1524 prospicio,
680 1452 710 1504 et
726 1447 788 1524 ipsa
806 1447 975 1522 cogitatione
990 1449 1111 1524 suscepti
1123 1464 1222 1506 mune·

106 1525 111 1534 ’
142 1532 305 1608 defungor.
348 1531 407 1590 Sed
426 1532 582 1590 durandum
602 1536 660 1602 est,
679 1531 746 1606 quia
764 1532 920 1610 coepimus:
942 1531 966 1591 si
987 1533 1091 1592 viribus
1111 1531 1223 1592 deficie-

144 1635 218 1690 mur,
239 1618 331 1675 animo
345 1621 440 1674 tamen
451 1617 693 1696 perseverandum.

125 1697 128 1708 '
228 1700 251 1760 l.
271 1702 358 1771 Quod
365 1704 527 1786 prianpipm
538 1699 641 1760 Latine
648 1700 697 1760 'vel
708 1699 844 1760 exordium
855 1702 964 1773 dicitur,
983 1703 1088 1762 maiore
1102 1699 1223 1778 quadarn
1230 1709 1286 1756 2⁹8

144 1786 252 1850 ratione
265 1787 366 1846 Graeci
376 1788 506 1845 videntur
516 1785 680 1864 προοίμιον
693 1787 866 1847 nominasse:
889 1788 957 1864 quin
971 1807 988 1846 a
1002 1789 1104 1846 nostris
1116 1787 1224 1846 initium

145 1871 231 1930 modo
250 1871 434 1947 significatum
454 1870 492 1928 illi
511 1871 580 1929 satis
599 1869 672 1930 clare
691 1877 800 1949 partem
819 1871 891 1930 hanc
906 1893 969 1932 esse
987 1879 1053 1932 ante
1069 1873 1225 1948 ingressum

121 1957 200 2028 zrei,
221 1955 257 2014 de
271 1974 328 2032 qua
338 1956 485 2014 dicendrrrn
496 1957 546 2029 sit,
568 1955 727 2015 ostendunt.
769 1955 859 2031 Nam,
880 1958 938 2016 sire
951 1962 1120 2036 propterea,
1147 1957 1224 2034 qnod

146 2039 220 2120 oi'pq
239 2045 333 2098 cuatru
352 2047 413 2115 est,
437 2046 467 2100 et
481 2040 633 2100 citharoedi
651 2060 742 2119 pauca
758 2040 819 2114 illa,
847 2061 937 2118 quae,
967 2049 1118 2119 antequam
1131 2041 1225 2118 legiti-

145 2143 222 2188 mum
233 2131 373 2186 certamen
385 2125 530 2199 inchoent,
552 2127 692 2185 emerendi
702 2127 803 2188 lavone
820 2128 911 2202 gratia
928 2134 1046 2200 canunt,-
1064 2129 1225 2206 prooemium

106 2217 114 2226 “
145 2214 423 2289 cognominaverunt:
456 2218 582 2272 oratores
602 2231 715 2292 quoqne
736 2231 786 2285 ea,
816 2221 906 2288 quae,
931 2213 1093 2291 prinsquam
1111 2230 1225 2272 causam

146 2297 341 2369 exordiantur,
362 2297 399 2356 ad
413 2297 598 2355 conciliandos
612 2297 664 2356 sibi
676 2297 796 2356 iudicum
806 2298 918 2355 ‘annuos
931 2296 1158 2377 praeloquuntur,
1177 2313 1225 2358 en·

46 2387 49 2394 '
122 2379 212 2454 adem
230 2381 415 2459 appellatione
436 2383 596 2456 signarunt:
624 2383 695 2455 sive,
723 2382 800 2458 quod
822 2375 912 2459 οἷμον
933 2383 1016 2442 iidem
1035 2385 1135 2444 Graeci
1151 2385 1225 2442 muas

146 2465 305 2543 appellant,
324 2464 354 2523 id
365 2465 443 2540 qnod
453 2471 520 2523 ante
534 2466 691 2548 ingressum
702 2466 743 2524 rei
755 2468 869 2543 ponitur
886 2468 926 2526 sic
938 2487 1041 2528 vocare
1053 2471 1096 2528 est
1112 2469 1225 2527 instite-
1257 2457 1264 2469 ’

147 2555 224 2610 turn:
241 2556 315 2610 cette
328 2552 488 2628 procuratum
509 2556 578 2623 est,¹
590 2550 666 2625 quod
685 2550 762 2628 apud
782 2552 915 2627 iudicem,
936 2551 1097 2631 priusquam
1112 2571 1225 2613 causam

146 2638 317 2713 cognoverit,
336 2637 439 2715 prosit3
460 2636 616 2712 vitioseque
627 2637 658 2694 iu
672 2634 770 2693 scholis
784 2637 909 2711 facimus,
931 2637 1010 2715 quod
1024 2640 1140 2697 exordio
1152 2657 1225 2698 suu-

38 2759 41 2762 -
120 2729 198 2800 4per
211 2723 251 2781 sic
261 2721 380 2795 utimur,
401 2722 481 2797 quasi
493 2741 606 2780 causam
623 2721 706 2780 iudex
721 2721 775 2779 iam
785 2724 904 2781 noverit.
946 2722 1046 2782 Cuius‘
1055 2725 1096 2782 rei
1114 2723 1225 2783 licentia

148 2823 183 2865 ex
194 2805 247 2865 hoc
260 2813 319 2879 est,
340 2807 418 2882 quod
436 2811 504 2865 ante
520 2806 748 2865 declamationem
762 2806 808 2866 illa
821 2807 897 2866 velut
916 2808 1009 2884 imago
1031 2808 1089 2867 litis
1110 2809 1225 2888 exponi-

148 2895 204 2950 tur.
231 2891 290 2950 Sed
305 2893 335 2951 in
346 2892 408 2948 foro
421 2903 535 2968 qu'oque
548 2892 709 2968 contingere
724 2891 801 2950 istud
810 2893 1006 2970 principiorum
1018 2913 1108 2969 mnus
1127 2905 1288 2953 semu-aas

148 2973 191 3032 dis
202 2977 355 3034 actionibus
367 2981 478 3053 potest;
498 2976 592 3051 primis
611 2977 724 3052 quidem
737 2995 802 3034 raro
822 2996 961 3060 unquam,
983 2978 1037 3036 uisi
1055 2980 1129 3038 forte
1148 2979 1226 3059 apud

131 3077 230 3133 ¹euris,
251 3060 295 3116 eui
306 3077 351 3116 res
362 3058 472 3116 aliunde
491 3061 547 3118 iam
565 3065 634 3118 nota
648 3061 701 3134 sit,
725 3062 850 3120 dicimus.

121 3157 142 3214 5
231 3142 327 3202 Causa
339 3143 465 3220 principii
478 3142 554 3201 nulla
567 3150 612 3204 est
623 3144 693 3219 alia,
714 3164 798 3222 qnam
817 3153 850 3206 nt
862 3149 1033 3222 auditorun,
1054 3169 1111 3227 qno
1125 3151 1162 3210 sit
1174 3167 1226 3208 no-

55 3287 58 3296 ,
149 3224 191 3287 bis
205 3230 235 3286 in
253 3221 353 3287 ceteris
365 3227 491 3306 partibus
505 3229 752 3305 accommodatior,
769 3251 974 3312 praeparemus.
1016 3234 1052 3294 ld
1064 3236 1125 3295 fieri
1137 3237 1225 3294 tribus

147 3313 382 3394 mamercino,
409 3313 483 3372 inter
503 3320 630 3374 auctores
650 3315 782 3394 plurimos
799 3326 927 3393 constat,
948 3319 1154 3396 sidcacoolum',
1178 3325 1224 3379 ut·

138 3403 262 3470 'tntum
288 3397 397 3457 docilem
417 3400 578 3458 fecerimus:
603 3403 739 3478 nunquia
755 3404 810 3461 ista
827 3422 884 3461 non
907 3425 958 3483 per
975 3411 1068 3474 totam
1087 3408 1225 3466 actionem

147 3482 202 3540 sint
216 3484 414 3557 custodienda,
439 3485 489 3542 sed
509 3485 574 3562 quia
587 3485 670 3543 initiis
681 3488 830 3565 praecipue
848 3492 1016 3564 mcessaria,
1038 3511 1090 3570 per
1103 3508 1176 3569 qnae
1194 3491 1226 3550 in

148 3567 269 3626 animum
281 3569 391 3644 iudicis,
412 3574 445 3628 ut
458 3571 610 3648 procedere
621 3570 694 3630 ultra
705 3573 858 3649 possimus,
880 3575 1059 3635 admittimur.

117 3666 140 3735 ‚6
232 3648 447 3712 Benevolentiora
467 3658 517 3714 aut
530 3675 549 3714 a
561 3659 681 3733 wionis
699 3658 840 3732 ducimus,
862 3666 912 3718 aut
932 3663 1051 3720 acuunt
1066 3661 1224 3739 accipimus.

29 3779 30 3782 ,
146 3736 206 3796 Sed
219 3753 391 3814 peremturum
413 3745 550 3811 nonest,
571 3747 604 3799 ut
623 3741 749 3818 plerique
772 3745 965 3818 crediderunt,
993 3745 1093 3824 triplos
1114 3753 1226 3806 tantrrn

120 3823 234 3895 7ratio,
256 3837 290 3878 es
303 3819 456 3898 litigatore,
483 3828 510 3882 et
526 3823 695 3901 αάυσιαήυ,
724 3833 750 3885 ct
767 3828 863 3887 iudica
906 3829 981 3888 Num
1000 3831 1143 3890 exordium
1160 3832 1228 3890 duci

144 3923 343 3984 nonnunquam
363 3907 446 3970 etiam
467 3907 502 3966 ab
521 3914 615 3969 actore
631 3929 731 3970 musae
753 3913 831 3971 solet.
875 3915 1042 3994 Quanquam
1061 3917 1135 3974 eninr
1153 3934 1226 3995 pau-

145 3990 219 4048 ciora
232 3992 268 4052 de
280 4013 310 4052 se
323 3993 385 4072 ipso
398 3992 465 4050 dicit
477 3999 507 4052 et
519 3994 639 4071 parcius,
659 3995 805 4074 plurimum
820 4004 915 4060 tamen
930 4001 966 4058 ad
984 4003 1077 4060 omnia
1090 4002 1227 4063 momenti

146 4077 190 4130 ost
212 4074 242 4130 in
260 4073 313 4135 hoc
331 4078 471 4159 positum,
501 4079 524 4137 si
552 4077 699 4138 virbonus
725 4081 854 4142 creditur.
899 4083 947 4144 Sic
971 4087 1046 4146 enim
1070 4083 1226 4164 wnungei,
