2788 4452
223 156 258 258 ².
302 224 309 232 ’
409 163 533 266 rusi.
560 201 767 272 onnron.
796 201 886 264 ιιι.
909 203 985 287 ne.
1209 208 1268 270 ao

177 333 339 443 patinam,
361 353 495 419 etrtiiente
512 375 582 428 mro;
603 339 698 437 nosne
709 359 841 434 quiddam
851 356 912 436 pn'ti
924 333 1010 416 furori
1019 343 1109 418 simile
1118 357 1267 418 videatur?

112 451 114 458 ⁴
180 450 249 510 Non
265 453 344 507 esset
357 447 387 503 in
403 445 486 504 rebus
502 441 819 534 hemonis-eloquentia,
846 445 997 502 sitantum
1014 461 1075 502 crum
1093 443 1209 520 singuiis
1225 441 1268 503 lo·⁴
1311 507 1315 514 ¹

200 549 336 594 ueremur.
407 553 429 574 ³¹
459 565 465 582 ·
552 581 557 587 .
600 563 603 566 ·
1306 573 1308 578 ·

140 556 201 672 atq
238 633 241 636 ·
255 597 316 676 'ltt
338 611 459 674 'rmnto
472 611 524 668 sibi
534 629 638 691 puero,
661 613 779 672 docendi
791 614 897 690 peritus
907 614 1049 690 ingenium
1061 617 1121 674 eius
1133 615 1162 672 in
1171 609 1280 696 primis·

43 757 46 762 ,
87 713 90 720 ’
182 710 367 776 natantemque
377 696 537 774 perspiciet.
581 697 690 774 Ingenii
705 699 1151 778 signaminparviepraecipaum
1163 719 1269 760 menno-
1337 703 1343 714 '

149 789 152 794 '
184 791 290 848 riaest.
334 785 402 843 Eius
420 780 523 858 duplex
539 783 644 856 virtus,
665 783 746 843 facile
757 785 917 864 percipere,
940 791 970 862 et
985 784 1106 844 fideliter
1117 787 1267 844 continere.

185 873 343 932 Proximum
361 867 494 936 irnitntio:
521 887 587 927 uem
602 869 759 945 idpnoqne
776 875 821 929 est
836 869 934 928 docilis
951 873 1083 941 natiuae,
1105 870 1145 928 sic
1163 873 1268 942 tamen,

129 969 132 978 “
186 963 280 1031 ut‘ea,
303 973 374 1033 qnae
391 947 489 1024 discit,
512 953 654 1030 effingat,
668 973 725 1014 non
741 953 865 1030 habiatur
881 956 956 1014 sorte
970 960 1000 1013 et
1018 955 1172 1027 incessum,
1194 960 1224 1013 et
1243 957 1268 1012 si
1364 1005 1368 1014 .

185 1044 255 1121 qnid
266 1043 296 1099 iu
307 1041 386 1118 peius
399 1037 523 1097 notabile
535 1045 589 1098 est.¹
632 1038 700 1098 Non
719 1041 798 1098 debit
814 1039 1070 1120 mihispetpbonne
1088 1039 1200 1112 indolis,
1223 1041 1295 1115 quii

182 1129 240 1187 ¹hoc
251 1126 377 1185 imitandi
390 1125 484 1182 studio
494 1129 602 1201 petet„
611 1131 643 1183 nt
654 1124 785 1184 rideatur.
808 1125 883 1206 Nam
889 1127 998 1203 p'robme
1011 1141 1123 1202 quoque
1134 1124 1270 1202 inprimis

186 1215 240 1272 erit
252 1211 298 1272 iile
307 1230 372 1270 vere
380 1210 555 1285 iugeuiosne3
576 1209 679 1286 alioqui
690 1229 753 1268 ‘non
765 1212 844 1287 peius
857 1211 981 1270 dtrxerim
993 1211 1066 1268 tardi
1079 1209 1270 1285 eseeingenii,

186 1317 268 1374 qnam
280 1296 353 1356 maii.
396 1295 505 1353 Probus
522 1299 617 1353 etitem
628 1294 663 1352 ab
676 1295 723 1352 illo
738 1297 821 1371 segni
838 1301 867 1354 et
885 1297 994 1356 iacente
1007 1294 1154 1372 plurimum
1171 1290 1270 1354 aberit.

185 1383 241 1454 Hic
252 1401 346 1454 meas,
371 1399 444 1457 quae
456 1380 616 1451 tradentur,
638 1378 697 1436 n'on
712 1379 859 1438 difficulter
877 1382 1008 1459 accipiet;
1030 1383 1167 1457 quaedam
1185 1379 1296 1440 aroma

183 1467 384 1546 interrogabit,
406 1467 538 1539 eeqnetar
553 1469 650 1522 tamen
663 1465 771 1546 megin
791 1479 876 1540 'quarn
892 1472 1060 1542 praecuret.
1101 1465 1174 1524 lituu
1188 1467 1270 1541 inge-

21 1591 24 1598 -
183 1553 292 1610 niomm
303 1551 381 1610 velut
394 1566 515 1627 praecox
527 1567 616 1624 genus
630 1567 687 1606 non
706 1554 812 1608 temere
828 1568 948 1626 unquam
960 1551 1087 1628 pervenit
1105 1552 1142 1608 ad
1153 1553 1269 1626 frugem.

21 1631 23 1642 ’
127 1644 175 1689 ι34
184 1637 316 1709 Hi'enut,
340 1637 386 1712 qni
397 1653 483 1712 parva
495 1633 706 1712 iacilesaciunt3
729 1640 758 1692 et
771 1635 888 1692 eudocia
900 1633 1041 1712 provecti,
1062 1635 1200 1712 quidquid
1216 1634 1298 1710 illici

179 1717 318 1801 possunt,
340 1721 436 1780 statim
446 1717 607 1778 ostendunt.
635 1719 775 1778 *Possunt
785 1725 877 1778 autem
889 1721 918 1779 id
930 1721 1056 1794 demmn,
1079 1721 1156 1796 quod
1166 1721 1195 1778 in
1205 1739 1272 1798 pro·

56 1857 58 1864 .
96 1813 102 1824 “
184 1810 258 1866 ximo
271 1813 330 1866 est:
351 1806 437 1866 verba
448 1806 627 1876 continuont3
648 1805 717 1868 haec
726 1805 804 1864 nutu
815 1803 957 1880 interrito,
979 1805 1061 1866 nulla.
1072 1806 1177 1864 tardati
1193 1825 1272 1864 vere-
1331 1852 1334 1855 .
1372 1853 1373 1860 ,

107 1905 112 1914 “
185 1895 301 1965 cundia,
324 1893 477 1971 proferunt.
513 1889 581 1950 Nou
597 1889 712 1948 multmn
728 1897 887 1969 praestent,
915 1894 968 1950 sed
984 1881 1051 1952 nito.
1087 1891 1156 1951 Non
1174 1891 1297 1954 eubest5

186 1997 252 2037 vera
265 1979 322 2052 uis,
344 1995 396 2037 uec
408 1977 519 2055 penitus
527 1976 664 2034 immissis
674 1978 815 2036 radicibus
823 1977 936 2040 nititur:
959 1985 1075 2054 atquae
1089 1997 1198 2036 summo
1209 1976 1271 2033 solo
1291 2023 1294 2036 .
1320 2018 1323 2026 .
1371 1997 1373 2008 ⁴

186 2055 358 2145 sparsasrmt
370 2064 485 2144 semina,
508 2061 622 2120 celerius
636 2081 669 2121 se
683 2063 844 2120 effundrmt:
867 2069 897 2122 et
913 2063 1039 2120 imitatae
1058 2063 1150 2138 spicas
1171 2063 1272 2120 nerba-

185 2147 230 2208 lae
242 2149 370 2226 inanibus
386 2143 480 2205 aristis
492 2152 559 2204 ante
569 2165 690 2204 messem
704 2148 865 2204 flavescunt
880 2145 1008 2204 Placent
1020 2145 1090 2204 haec
1106 2147 1187 2204 amris
1198 2165 1272 2204 com-
1345 2155 1346 2160 ’

166 2244 170 2252 ’
186 2239 299 2310 parata:
322 2233 425 2291 deinde
441 2236 500 2286 stat
511 2231 668 2306 proiectus,
692 2230 838 2288 admiratio
851 2231 996 2308 decrescit.
1056 2263 1058 2270 ·

272 2317 351 2377 Haec
363 2335 424 2376 cum
445 2315 683 2388 anunadverterit,
705 2315 863 2394 prospiciat
879 2317 1027 2394 deinceps,
1050 2334 1171 2394 quonam
1187 2317 1298 2392 modod

256 2523 313 2586 §t
326 2539 372 2582 eo,
397 2511 576 2588 qnae'diocit]
595 2519 680 2590 Sarpe
701 2515 776 2570 Anal.
797 2533 823 2587 p.
842 2519 886 2573 27.
906 2517 1069 2573 scribendum
1089 2537 1147 2577 esee
1168 2517 1274 2574 coniicit

186 2607 228 2652 ee,
241 2607 307 2661 pune
321 2591 444 2656 difficilia
455 2597 524 2654 eunt,
543 2581 609 2652 curn,¹
631 2589 699 2658 quod
712 2589 739 2638 in
753 2595 861 2642 mentem
873 2595 990 2652 venerat,
1006 2607 1040 2642 en
1052 2606 1119 2660 qnae
1132 2592 1226 2644 didicit
1240 2607 1273 2643 ne

187 2658 240 2727 ipsi
253 2659 356 2741 quidem
369 2659 548 2712 satisfecisset.
582 2661 670 2725 „Nom
683 2657 807 2722 habitum,
824 2657 909 2727 inquit
919 2657 951 2710 V.
964 2658 1008 2726 D.‚
1025 2666 1053 2712 et
1068 2661 1197 2712 incessum
1210 2666 1238 2712 et
1250 2658 1273 2710 si
1372 2681 1373 2684 ¹

60 2733 64 2740 '
92 2777 94 2782 ,
187 2727 291 2796 quidm
305 2731 382 2796 peius
392 2729 507 2782 notabile
517 2733 572 2791 eat,
590 2729 737 2796 effingere,
754 2744 804 2778 non
818 2736 859 2780 est
872 2727 998 2790 difficile,
1022 2736 1050 2782 at
1062 2729 1188 2792 imitatio,
1206 2745 1274 2796 quae

119 2819 122 2826 ·
188 2795 284 2864 ingenii
299 2797 399 2864 signum
415 2796 462 2857 sit,
485 2797 513 2850 in
533 2797 724 2850 difficilioribus
743 2793 933 2858 versabiturff‘,
959 2795 1051 2864 Quint.
1068 2814 1130 2850 vero
1145 2795 1273 2850 incessunt

147 2865 150 2873 ⁴
190 2875 217 2916 et
230 2863 344 2917 habitum
361 2865 477 2919 excludit
491 2873 542 2918 non
555 2873 615 2930 tarn,
634 2865 703 2935 quod
716 2881 766 2916 non
780 2863 887 2918 difficile
900 2863 935 2917 eit
946 2865 1009 2918 talia
1022 2866 1128 2929 imitari,
1145 2867 1191 2920 sed
1205 2865 1274 2936 quod

132 2962 138 2970 ·
187 2931 315 2988 vitiosum.
350 2933 419 2988 Hinc
436 2934 534 3003 ingenii
547 2934 648 3004 signum
659 2938 716 2997 est,
735 2933 861 3004 quidquid
874 2935 958 2988 dimat
975 2935 1101 3004 effingere
1115 2937 1168 3001 ric,
1186 2945 1217 2988 ut
1232 2937 1273 2988 et-

187 3003 468 3073 fingendoaccuretiur
480 3021 548 3068 rem,
572 3020 648 3074 quam
663 3002 742 3070 discit
758 3005 785 3056 h.
805 3022 827 3056 e.
849 3021 926 3073 qnam
946 3005 1145 3071 animadvertit,
1176 3021 1274 3074 cogno?

187 3081 253 3127 scat.
269 3075 440 3145 ,Quemquam
454 3075 504 3129 ubi,
511 3074 628 3130 discendi
641 3074 711 3130 notio
727 3073 860 3142 premitur,
876 3073 1012 3138 sididicit
1021 3074 1169 3144 scripsisset
1182 3074 1272 3138 Quint.
1307 3117 1310 3122 ,

145 3145 157 3208 Ἰ
188 3141 214 3195 id
230 3146 450 3212 comprobaretur.
476 3145 560 3198 Locus
575 3143 631 3199 Cic.
650 3145 682 3198 de
695 3144 771 3196 Orat.
791 3143 827 3206 11,
843 3145 886 3197 22.
904 3143 949 3212 qui
963 3151 1004 3197 est
1017 3144 1050 3198 de
1065 3144 1218 3208 imitatione,
1240 3143 1274 3196 ad

189 3209 328 3265 adultiores
344 3215 475 3282 pertinet.
494 3214 540 3266 sed
554 3213 648 3281 dignus
663 3229 742 3274 sane,
759 3213 805 3294 qui
820 3223 991 3284 comparetur.

258 3279 314 3346 Μ.
334 3285 460 3352 quidquid
470 3285 524 3336 illio
536 3283 661 3352 possunt]
686 3283 726 3334 lta
739 3299 862 3350 princeps
881 3282 923 3335 ed.
937 3285 1028 3352 Cnmp.
1049 3290 1079 3336 ut
1096 3284 1149 3344 iilic
1173 3279 1273 3348 signifi-

189 3355 232 3403 oet
243 3350 270 3402 in
286 3355 393 3418 paron,
410 3362 438 3405 ut
449 3352 596 3406 hanecintun
610 3360 681 3404 recte
701 3352 898 3420 interpretatur.
935 3352 1017 3406 Petet.
1033 3352 1090 3405 RR.
1113 3355 1136 3405 1.
1151 3352 1176 3404 2.
1192 3350 1273 3403 Goth.
1317 3381 1323 3392 ·

188 3419 256 3474 teos.
271 3419 361 3473 Loeat.
374 3422 429 3481 itti,
452 3423 521 3492 qnod
543 3422 694 3478 Dusennttio
712 3421 845 3490 probatur.
869 3419 964 3492 Videt.
984 3428 1012 3474 et
1024 3421 1116 3473 Goion.
1128 3421 1171 3474 tot.
1208 3419 1273 3484 Coti.

187 3488 278 3542 alnei.
299 3491 425 3559 quidquid
446 3493 512 3545 ittet
530 3499 601 3545 eunt.
634 3491 721 3542 Geth.
738 3488 806 3542 coni.
824 3491 915 3552 iiiico,
936 3489 1006 3558 quod
1026 3491 1143 3544 Obrnrht
1161 3487 1274 3558 denique

135 3593 139 3604 .
188 3558 317 3628 probavit.
351 3559 506 3630 Spaldingio
522 3561 607 3630 piacet
619 3569 647 3611 et
660 3559 784 3618 Wolffio,
808 3558 878 3624 quod
894 3560 977 3612 Geen.
997 3559 1122 3611 coniecit:
1138 3560 1273 3628 'quidquid

184 3636 309 3696 premnt,
325 3631 396 3682 illico
408 3632 553 3683 amendant.
588 3627 790 3695 „Adsofipserst
800 3625 894 3695 eliquit
912 3627 1006 3680 rariori
1025 3624 1148 3683 alverno
1162 3629 1274 3698 glossam
1314 3667 1317 3673 .

186 3695 297 3750 rtatim
310 3705 343 3750 eat
353 3698 447 3752 deinde
461 3700 542 3752 locuta
557 3697 625 3750 itlius
644 3697 791 3766 occupavit,
810 3705 839 3748 et
854 3697 932 3755 fecit.
953 3705 985 3751 nt
999 3698 1084 3769 ipsum
1102 3699 1176 3752 varie
1189 3699 1274 3766 iecta-

187 3771 289 3818 retur.“
323 3767 414 3820 Gueit.
429 3769 487 3821 nid.
502 3767 587 3822 Catia.
602 3767 722 3820 Sichard.
739 3765 840 3819 dubiem
854 3784 943 3822 vocem
958 3769 1088 3824 ornittnnt.
1113 3767 1167 3822 Sed
1178 3773 1274 3828 tanton,
1359 3817 1364 3838 ,

188 3851 220 3888 ne
233 3837 347 3892 andacia
359 3840 476 3915 pronepti
484 3838 536 3901 alii,
555 3853 629 3908 quam
645 3837 689 3906 qui
703 3853 783 3906 parva
799 3835 905 3902 iaciunt,
918 3838 999 3891 intelli
1021 3845 1098 3891 antur
1110 3837 1202 3900 Quint.
1220 3835 1274 3886 iilic

187 3913 264 3958 caute
282 3905 448 3975 interposuit.
489 3908 547 3964 Nec
566 3906 656 3980 mirum
675 3913 730 3971 est,
754 3907 821 3970 iiiia,
846 3924 900 3960 non
921 3917 995 3962 recte
1011 3908 1195 3972 intellectum„
1210 3902 1275 3964 istas

185 3974 340 4029 mutationes
353 3983 411 4030 erm
425 3975 583 4048 perpessum.
1048 4039 1053 4046 Ι

181 4051 194 4062 “
256 4047 313 4110 so.
332 4046 406 4098 Haeo
426 4063 483 4100 neon
501 4044 811 4114 cmmodcarte'ritiiiis
830 4042 1023 4111 recontrans
1042 4040 1155 4096 recurrit
1175 4039 1207 4094 nd
1227 4039 1273 4094 dn·

102 4123 115 4144 ⁸
157 4173 162 4180 ,
187 4112 262 4166 cendi
284 4113 548 4195 peritum‘iuitiohui.
565 4131 624 4186 cap.
680 4165 688 4182 ,
