2738 4442
366 101 711 217 monestrum
732 149 818 252 ure.
840 151 888 225 vr,
909 154 938 217 a.
954 151 984 216 4.
1154 154 1219 220 aaa

138 329 193 386 qao
210 287 402 385 ron'eatpsu
417 307 520 366 rlietem
534 307 644 377 suisset,
667 277 743 380 queo
756 311 851 382 posset
863 305 938 364 inter
949 305 1220 370 ridiculannmemri.
1251 290 1260 300 ⁸
1303 341 1306 352 .

30 435 31 438 ,
137 393 230 470 Etiam
251 389 335 465 illud,
358 393 434 467 quod
447 391 545 452 Cicero
560 389 695 449 Corelliae
712 391 836 466 scripsit,
857 391 979 450 reddens
996 392 1148 467 rationem,
1169 400 1275 454 curtlt

137 477 183 544 illa
198 480 231 538 G.
244 478 375 538 Caesaris
385 484 511 554 tempora
524 483 582 536 tam
593 476 731 553 patienter
741 474 888 545 toleraret,
911 473 989 535 Haec
999 481 1049 536 out
1062 479 1150 536 auimo
1164 478 1218 538 Cu-

137 566 207 623 luur's
215 561 329 642 senecia
340 567 418 634 dost,
436 566 490 620 out
503 560 636 620 (liceums's
648 559 797 622 stomoclros
818 560 973 619 stomachus
990 559 1063 623 enim
1078 562 1123 620 ille
1133 563 1221 636 hebet

137 645 242 725 aliquid
260 649 323 706 ioco
339 645 436 712 simile
478 646 573 718 Haeo,
596 663 668 720 quae
680 646 843 716 merebant,
863 645 1059 706 dissimulanda
1078 648 1143 706 milu
1163 667 1221 706 uon

138 735 263 794 sumunt:
285 730 428 807 inquibus
448 736 480 788 ut
492 731 658 804 erraverim,
677 729 808 806 legentes
821 736 916 798 tamen
937 750 994 790 uon
1013 731 1127 810 decepi,
1148 733 1220 790 indi-

138 823 201 888 cate
214 823 244 877 et
255 817 365 884 diverse
378 815 525 894 opinione,
548 834 631 892 quarn
652 816 730 894 sequi
747 815 835 890 magis
848 807 1028 897 protentione
1042 816 1156 878 liberum
1168 823 1221 880 est.

223 917 271 982 IV·
292 918 482 1004 Altercotr'om‘s
496 921 647 996 praecepta
657 922 791 993 poterant
803 917 891 976 videri
901 922 968 976 tunc
980 915 1222 992 inchoanda„enm

139 1005 246 1076 emnia,
267 1023 339 1080 quae
357 1003 394 1062 ad
413 1003 571 1062 conducam
592 1002 745 1063 orationem
766 1001 924 1077 pertinent,
946 1002 1130 1079 peregissem
1157 1021 1222 1063 uem

139 1097 183 1152 est
199 1109 265 1150 usus
285 1090 343 1148 eius
363 1086 461 1152 ordine
478 1083 601 1149 ultimus:
623 1087 690 1160 sed,
713 1105 775 1144 curn
788 1086 823 1146 sit
834 1087 924 1162 posita
939 1086 969 1147 in
983 1085 1042 1151 sola
1053 1086 1223 1160 inventione,

28 1251 30 1258 γ
138 1193 230 1252 neque
247 1173 350 1240 hebere
368 1172 578 1249 dispositionem
597 1171 702 1248 possit,
730 1189 782 1232 nec
803 1169 962 1240 elocutionis
982 1177 1145 1238 ornamenta
1164 1189 1223 1244 mae

139 1278 262 1338 guopere
277 1257 432 1329 desideret,
453 1262 502 1318 aut
519 1256 591 1317 circa
601 1254 761 1316 memoriam
783 1261 812 1314 et
832 1257 1088 1332 pronunciationem
1101 1255 1223 1324 laboretr
1262 1305 1266 1316 ,

139 1344 214 1424 prius
236 1361 318 1419 qnam
340 1341 489 1400 secundem
510 1341 632 1415 quinque
652 1340 786 1416 portium,
807 1339 893 1412 hanc,
915 1359 987 1416 quae
1008 1346 1070 1400 tota
1089 1361 1123 1400 ex
1135 1340 1226 1419 prima

28 1419 32 1430 ’
81 1430 261 1508 suspendet,
280 1431 448 1488 tractaturus
463 1443 519 1482 nou
539 1423 629 1486 alieno
640 1422 700 1490 loco
716 1425 826 1502 uideor:
850 1442 933 1498 quam
948 1426 1094 1502 scriptores
1111 1426 1156 1498 elii
1168 1427 1242 1484 sor-⁴

103 1541 106 1549 Δ
140 1521 213 1574 tasse
228 1509 488 1586 ideoreliqueruut,
510 1509 576 1584 quia
598 1509 666 1566 setis
684 1508 781 1566 ceteris
802 1510 958 1586 praeceptis
978 1509 1008 1570 in
1026 1510 1226 1586 huncquoque

139 1575 286 1663 rideliitur
305 1614 369 1660 esse
386 1599 569 1672 prospectum.
615 1593 734 1655 Constat
751 1593 825 1666 enim
847 1598 894 1654 eut
915 1595 1085 1666 intentione,
1107 1600 1157 1665 prrt
1178 1593 1251 1652 det

139 1683 280 1764 pulsione:
307 1681 344 1739 de
365 1678 463 1754 quibus
484 1678 551 1738 satis
569 1677 703 1738 trmlitum
724 1683 789 1748 est,
806 1677 886 1753 quie,
909 1678 1045 1754 quidquid
1066 1680 1096 1736 in
1117 1679 1228 1738 actione

114 1781 116 1791 '
139 1774 276 1850 perpetua
292 1765 364 1826 circa
378 1763 557 1841 probationes
574 1759 642 1821 utile
656 1768 713 1834 est,
733 1763 808 1824 idem
820 1763 850 1820 iu
862 1762 916 1822 hac
929 1762 1005 1822 brevi
1019 1769 1106 1839 atque
1120 1764 1229 1824 concisa

139 1853 243 1932 prosit,
264 1853 442 1910 necesseest.
485 1847 586 1924 Neque
608 1845 661 1911 elia
676 1848 803 1908 dicuntur
817 1847 846 1908 in
859 1845 1055 1920 altereatione,
1078 1847 1229 1922 redditor,

125 1942 189 2000 ,urit
201 1933 417 2010 interrogando,
438 1937 485 1990 aut
498 1931 701 2008 respondendo.
745 1931 830 1993 Cuius
846 1932 885 1990 rei
899 1933 957 1990 sere
971 1933 1059 1990 omnis
1072 1931 1228 1994 observatio

133 2023 170 2094 -ip
185 2021 231 2084 ille
246 2021 356 2080 testium
369 2016 430 2074 luco
444 2034 554 2078 excussa
568 2015 648 2072 nobis
663 2021 714 2073 cst.
759 2013 884 2088 Tamen,
906 2016 971 2093 quia
984 2015 1068 2077 latius
1085 2015 1138 2076 hoc
1159 2017 1253 2095 opus'3
1292 2047 1295 2054 ⁴

141 2105 267 2182 aggressi
282 2121 391 2174 sumus,
412 2119 503 2176 neque
522 2101 661 2176 perlectus
680 2105 775 2158 orator
791 2100 850 2157 siue
867 2100 919 2160 hac
938 2101 1041 2162 virtute
1060 2101 1114 2162 dici
1126 2105 1229 2179 potest,

57 2217 64 2228 ·
141 2189 282 2269 paululum
300 2185 492 2264 impendamus
510 2183 573 2253 huie
592 2203 705 2259 quoque
728 2183 873 2260 peculiaris
887 2203 1007 2262 operae,
1029 2205 1102 2266 quae
1118 2174 1231 2262 quidem

142 2277 174 2338 in
192 2273 359 2350 quibusdam
379 2270 466 2342 causis
484 2271 521 2326 ed
541 2269 682 2328 uictoriam
701 2268 746 2328 vel
758 2269 904 2346 plurimum
922 2269 1004 2332 valet.
1047 2270 1137 2342 Nem,
1159 2276 1189 2333 ut
1200 2265 1254 2332 ini

144 2358 280 2438 qualitate
301 2353 440 2431 generali,
467 2354 498 2414 in
518 2373 590 2430 qua,
619 2353 736 2412 Rectene
759 2353 870 2430 suctum
893 2355 973 2433 quid,
1000 2377 1037 2418 eu
1062 2362 1155 2419 contro
1183 2359 1230 2429 sit,

144 2443 295 2522 quaeritur,
312 2444 448 2519 perpetua
462 2439 620 2498 dominatur
633 2439 737 2511 oratioe
758 2445 786 2500 et
798 2441 989 2516 quaestionem
995 2443 1132 2518 finitimis
1146 2443 1232 2500 actio·

143 2549 188 2587 rus
209 2527 372 2606 plenumque
392 2524 459 2581 satis
480 2522 634 2601 explicant,
657 2529 686 2582 et
704 2523 797 2581 omnin
816 2543 922 2600 paene,
945 2525 974 2582 in
992 2525 1092 2602 quibus
1108 2525 1144 2582 de
1157 2526 1232 2582 facto

144 2615 268 2683 constat,
291 2615 340 2666 eut
352 2611 503 2665 coniectura
521 2606 657 2664 artificiali
676 2607 785 2666 ratione
804 2605 956 2682 colligitur:
979 2607 1020 2666 ita
1043 2610 1072 2666 in
1091 2609 1125 2668 iis
1144 2609 1232 2668 causis

145 2697 233 2774 (quac
245 2699 309 2754 sunt
324 2691 595 2771 frequentissimae),
618 2709 690 2767 quae
710 2689 755 2752 rel
773 2689 837 2751 solis
860 2696 936 2754 extra
954 2697 1042 2752 artem
1060 2691 1233 2773 probationi·

145 2783 214 2853 bus,
236 2777 279 2840 vel
300 2778 391 2842 mixtis
411 2777 604 2849 continentur,
633 2775 783 2853 asperrima
802 2775 832 2841 iu
852 2775 904 2838 hec
923 2783 1004 2853 perte
1022 2777 1160 2844 dimicatio
1181 2782 1232 2852 eu,

146 2887 199 2926 nec
217 2863 283 2927 alili
301 2861 403 2922 dixeris
424 2862 514 2937 magis
532 2879 663 2919 miserens
677 2860 806 2938 pugnari.
848 2858 923 2918 Nam
937 2867 967 2919 et
979 2862 1133 2920 firmissima
1148 2865 1256 2938 quae-5

147 2969 202 3031 que
217 2949 368 3008 memoriae
379 2943 478 3004 iudicis
497 2945 659 3004 inculcando
677 2951 755 3017 sunt,
778 2949 808 3002 et
822 2947 1032 3022 praestandum,
1054 2948 1191 3026 quidquid
1204 2947 1234 3004 in

147 3036 255 3096 actione
267 3031 456 3111 promisimus,
479 3031 507 3090 et
523 3029 673 3090 refellenda
687 3023 838 3087 mendacia.
881 3027 1025 3110 Nusquam
1045 3037 1088 3090 est
1105 3033 1234 3108 deniqne,

28 3161 31 3166 -
150 3119 198 3196 qni
210 3117 367 3194 cognoscit,
387 3115 531 3178 intentior.
573 3113 634 3174 Nec
655 3113 793 3188 immerito
815 3115 944 3192 quidem,
965 3135 1127 3204 quanquam
1141 3117 1172 3174 in
1191 3114 1235 3172 di.

150 3204 239 3263 sendo
248 3203 421 3275 medicum,
443 3201 495 3260 laec
509 3203 603 3258 umen
615 3199 767 3258 altercandi
780 3199 951 3277 maculantia
960 3206 1120 3260 meruerunt
1132 3217 1235 3258 nomen
1299 3219 1304 3230 ·

90 3297 338 3370 559patronorum.
381 3284 418 3343 At
444 3286 555 3362 quidam
573 3283 759 3360 litigatoribus
783 3284 840 3342 stris
859 3283 935 3342 illum
954 3285 1038 3342 modo
1059 3285 1258 3343 ambiuuumo

150 3371 323 3434 declamandi
352 3369 480 3428 sudorem
507 3371 678 3447 praestitisse
703 3369 845 3442 contenti,
875 3387 936 3426 curn
960 3369 1043 3430 turbe
1066 3369 1235 3426 laudantium

150 3459 304 3518 destituunt
313 3453 456 3528 subsellia,
477 3473 657 3534 pugnamque
671 3453 746 3512 illam
761 3454 943 3516 decretoriam
957 3453 1092 3536 imperitis
1106 3473 1140 3514 ac
1151 3472 1236 3533 saepe

222 3709 238 3770 S
258 3706 285 3759 4.
303 3707 419 3760 emicem
437 3707 587 3776 plenumque
606 3707 672 3760 sstir'
693 3708 843 3778 explicuit]
867 3709 943 3764 Heus
958 3709 1095 3764 lectionem
1112 3727 1128 3762 e
1144 3708 1235 3776 Csmp.

152 3790 209 3828 cunr
220 3774 304 3826 Goth.
316 3776 392 3832 Voss.
406 3777 432 3830 2.
449 3773 547 3896 Kappii
560 3775 627 3828 (lod.
641 3783 668 3830 et
683 3777 774 3833 Turio.
791 3793 860 3846 apr.
874 3794 905 3830 ru.
921 3775 1236 3844 (ustionis-‚eupliam

136 3862 143 3876 ·
170 3847 294 3896 meeunte
305 3844 438 3907 Gesesro,
456 3861 487 3897 eo
507 3860 598 3914 esuque
609 3843 768 3915 interprete,
786 3845 892 3914 recepi,
909 3863 966 3899 oum
977 3846 1067 3920 fipeld.
1080 3843 1157 3896 meris
1170 3861 1236 3911 que-

172 3927 212 3966 ιιι
237 3911 350 3966 ciusdem
373 3913 484 3968 subiecti
502 3914 618 3984 (oratio)
645 3913 815 3966 eonsemeudi
835 3929 899 3966 curu
920 3915 1088 3982 perturbatus
1114 3911 1239 3964 edidisset

151 3981 737 4116 aacsrtz‘temamme
758 3984 930 4120 ‘salat
951 3981 1044 4040 mr,
1062 3981 1130 4034 Μ
1148 3981 1182 4032 V·
1204 3979 1237 4031 ⁰·

196 4128 407 4184 Qummsuum.
1003 4123 1028 4181 Z
