2738 4442
99 157 199 256 uod
408 181 450 245 u
480 180 576 242 run.
596 143 915 254 merueramus

123 349 186 416 tus,
207 335 275 417 quid
288 337 387 416 cuique
398 337 454 410 rei,
476 341 506 395 et
519 334 585 412 quid
597 335 696 411 cuique
706 331 813 392 homini
830 332 919 394 soleat
930 332 1071 405 accidere3
1092 335 1121 392 et
1133 337 1205 409 quas

10 415 17 422 ’
48 487 52 498 1
82 431 92 450 “
123 445 185 500 res,
205 439 331 502 quosque
351 415 490 494 homines,
511 419 610 498 qrribus
629 418 727 492 rebus,
746 417 797 476 ant
813 417 982 492 bominibus,
1004 415 1048 476 vel
1062 415 1205 476 concilias-

46 541 50 547 ,
125 517 182 586 set,
203 509 248 576 vel
259 509 404 566 alienasset
414 508 474 584 ipsa
487 511 600 564 natura:
620 509 670 576 ut,
692 504 803 562 divitica
816 501 1035 582 quidsequolur,
1056 501 1204 564 antealt-
1252 543 1269 552 -

125 600 200 667 tum,
221 598 270 651 aut
283 585 508 669 superstitionem
532 588 596 668 quid
616 589 814 667 insimulent,
836 588 901 666 quid
920 588 989 646 mali
1003 592 1115 664 petunt,
1138 584 1205 664 quid
1242 635 1245 645 .

125 679 236 752 milites,
251 677 322 754 quid
339 679 448 746 rustic&
477 695 527 752 quo
548 693 665 752 quaeque
685 673 759 732 modo
777 694 818 731 res
836 676 923 732 vitari
940 672 983 731 uel
1003 675 1094 750 appeti
1109 671 1202 730 soleat.

85 763 227 838 18Verum
241 761 294 822 hoc
307 762 419 839 exsequi
431 763 524 820 mitto:
546 749 691 836 nonenim
707 757 820 834 longum
833 764 958 830 tantum,
979 757 1030 816 sed
1049 757 1134 817 etiam
1151 756 1205 817 im·

75 854 82 867 ‘
124 847 272 927 possibile,
299 853 347 906 aut
366 848 459 925 potius
476 845 612 904 infinitum
630 849 687 904 est:
716 844 999 924 praetereapositum
1019 840 1049 898 in
1065 841 1206 900 communi

125 933 246 992 omnium
255 931 401 992 intellectu.
430 931 462 989 Si
475 932 537 1006 quis
548 935 643 988 tamem
655 929 863 1001 desideraverit,
878 947 896 985 a
911 947 967 1004 quo
978 931 1097 1008 peteret,
1110 931 1205 984 osteu-

84 1019 117 1073 19
125 1018 163 1076 di.
206 1016 309 1076 Omnia
320 1022 420 1075 autem
436 1013 591 1085 credibilia,
609 1011 754 1088 inquibus
768 1033 833 1091 pars
847 1012 966 1072 maxima
983 1010 1110 1081 consistit
1122 1029 1205 1090 argu·

123 1102 317 1174 mentationis,
340 1120 373 1160 ex
394 1097 548 1158 huiusmodi
570 1096 691 1158 lontibus
710 1099 817 1170 fluunt,
839 1096 883 1155 Aa
897 1095 1021 1156 credibile
1035 1097 1088 1169 at,
1110 1094 1208 1174 ofilio

12 1201 15 1210 ·
119 1192 223 1265 patron
237 1187 365 1256 numu,
387 1188 514 1242 incestum
527 1181 855 1259 eumjiliocommicsumi
877 1189 906 1242 et
920 1188 1031 1253 contra,
1052 1181 1208 1278 conspicium
1361 1241 1362 1250 χ

122 1275 153 1328 ia
167 1289 293 1343 aoruca,
321 1267 481 1330 odulten'um
499 1269 530 1326 in
544 1266 702 1325 luxurioso?
727 1267 774 1326 illu
795 1286 923 1343 quoque,
949 1268 995 1325 Au
1013 1265 1097 1328 scelus
1109 1265 1206 1354 polam

62 1383 65 1394 ·
119 1355 250 1434 sectans?
291 1353 335 1413 Aa
346 1353 452 1432 sulcam
468 1357 579 1431 propter·
592 1353 720 1426 exe'gunm
737 1351 886 1412 surenam?
913 1353 988 1432 quia*
1001 1371 1065 1412 suos
1082 1351 1266 1428 quidquem

49 1447 58 1500 “,
123 1441 221 1498 horum
240 1437 316 1504 velut
334 1458 424 1500 mores
441 1437 541 1497 babet:
568 1435 730 1517 plemmque
748 1444 855 1511 umen,
876 1455 933 1496 non
952 1455 1075 1518 semper:
1102 1433 1208 1516 alioqu
1361 1483 1362 1490 κ

123 1524 279 1584 indubitata
290 1528 395 1599 essent,
417 1542 475 1582 uon
488 1528 660 1599 argumenta.
1023 1595 1026 1604 Ι
1130 1537 1132 1540 ·

54 1603 61 1614 ’
82 1611 118 1666 to
208 1608 383 1668 Excutiamus
396 1603 468 1668 nuuc
479 1603 694 1685 argumentorum
707 1603 791 1663 locos:
813 1623 972 1683 quanquam
992 1604 1157 1682 quibusdum
1177 1603 1207 1664 hi

48 1713 51 1727 ⁴
124 1711 251 1770 qnoque,
273 1693 309 1753 de
333 1694 431 1769 quibus
454 1693 627 1772 supradixi,
648 1690 783 1748 videntur.
826 1689 913 1749 Εοεω
933 1689 1058 1768 appello,
1078 1683 1151 1763 nou,
1172 1694 1207 1748 nt

123 1778 207 1852 vulgo
219 1795 293 1834 nunc
304 1776 505 1853 intelliguntur,
526 1769 555 1846 id
567 1775 718 1848 luxurium,
741 1780 769 1834 et
780 1773 957 1848 adulterium,
978 1780 1008 1834 et
1016 1774 1133 1845 similia,
1152 1771 1205 1832 sed

82 1866 115 1921 21
125 1861 197 1920 caeles
211 1858 438 1936 argumentorum,
459 1863 488 1918 in
500 1860 594 1938 quibua
606 1859 705 1930 latent,
726 1877 760 1922 ee
774 1860 869 1937 quibam
882 1864 944 1920 eunt
954 1859 1077 1940 petenda
1119 1855 1207 1934 Nam,
1222 1911 1223 1916 ,

123 1952 157 2004 ut
173 1947 203 2006 iu
215 1951 290 2004 terra
297 1963 359 2004 uon
371 1946 446 2012 omui
456 1951 624 2022 generantur
636 1945 744 2017 omnia,
757 1962 809 2003 nec
821 1947 899 2006 av'em
912 1952 962 2005 aut
975 1948 1062 2004 leram
1073 1945 1207 2022 reperias,

122 2030 170 2088 ubi
185 2048 310 2107 quaeque
322 2030 398 2088 nasci
412 2036 460 2089 aut
474 2031 575 2090 morari
586 2029 689 2102 soleat,
711 2025 843 2106 ignams,
860 2036 891 2090 et
901 2031 1019 2108 piscium
1030 2048 1144 2108 quoque
1157 2049 1207 2106 ge-

122 2133 191 2174 nera
206 2114 261 2174 aliu
278 2114 366 2193 planis
381 2116 522 2191 gandent,
543 2115 598 2174 alia
610 2115 729 2188 saxosis,
752 2115 911 2190 regionibus
926 2117 1009 2196 ptiam
1025 2115 1207 2191 litoribusque

123 2199 242 2262 discreta
254 2206 332 2274 snut,
353 2219 405 2259 nec
425 2199 553 2278 helopem
569 2206 664 2275 nostro
682 2198 768 2271 mari,
789 2206 839 2258 aut
855 2220 962 2260 amram
974 2201 1072 2260 ducase
1093 2200 1134 2258 ita
1148 2215 1266 2264 uouuos

122 2303 204 2344 omne
213 2289 404 2358 argumentum
413 2285 536 2361 undique
545 2285 635 2357 venit3
645 2285 765 2360 ideoque
774 2303 831 2342 non
840 2286 942 2364 passim
953 2285 1140 2362 quaerendum
1152 2291 1206 2346 est.

81 2365 228 2430 illinitus
237 2367 341 2443 alioqui
349 2383 435 2440 error,
443 2374 472 2427 et
485 2369 619 2428 exhausto
628 2369 815 2444 labore‚quod
827 2389 885 2430 uon
896 2371 1004 2438 ratione
1013 2369 1206 2445 scrutabimur,

123 2471 180 2516 nou
191 2452 342 2529 poterimus
356 2452 479 2512 invenire
489 2454 542 2512 nisi
556 2473 629 2520 casu.
650 2452 689 2512 At
705 2453 728 2510 si
743 2447 891 2528 scierimus,
905 2456 953 2514 ubi
965 2458 1096 2534 quodque
1107 2473 1205 2515 nason-

105 2543 182 2614 ⁸tur:
203 2557 265 2595 cum
276 2537 315 2595 a'd
327 2535 417 2596 locum
428 2543 542 2596 ventum
555 2539 621 2612 erit,
634 2535 728 2610 facile,
745 2539 822 2614 qnod
834 2540 863 2597 iu
877 2561 911 2600 eo
923 2547 983 2614 est,
991 2541 1205 2620 pervidebimus.

117 2679 120 2686 Δ
206 2621 333 2699 Inprimis
350 2622 436 2698 igitur
454 2629 616 2698 argumenta
633 2643 651 2682 u
667 2641 777 2700 personna
790 2625 916 2692 ducenda
926 2633 1004 2685 sunt:
1025 2645 1085 2686 cnm
1097 2626 1149 2698 sit,
1172 2630 1206 2684 ut

80 2707 193 2780 audiri,
215 2707 327 2780 divisio,
349 2712 381 2764 ut
403 2707 496 2766 omnia
513 2707 543 2766 in
561 2708 631 2767 hacc
649 2709 705 2766 dno
726 2709 893 2786 partiamur,
913 2730 954 2770 ras
966 2717 1203 2788 atquepersonue:

58 2815 63 2820 ·
121 2797 154 2850 ut
173 2811 268 2865 cuum,
290 2795 406 2868 tempus,
427 2791 516 2866 locus,
538 2796 660 2866 occan'o,
677 2795 890 2872 instrumentum,
917 2795 1025 2869 modus,
1052 2802 1083 2855 et
1100 2803 1218 2868 cetera,

121 2891 211 2935 rerum
224 2877 280 2935 siut
293 2876 454 2936 accidentia.
498 2876 621 2936 Persom's
634 2883 726 2937 autern
741 2897 813 2952 non,
835 2880 969 2957 quidquid
986 2882 1101 2954 accidit,
1122 2900 1203 2940 exse·

121 2959 261 3036 quendum
273 2961 339 3038 mibi
353 2965 410 3033 est,
431 2967 463 3020 ut
475 2962 600 3040 plerique
615 2964 756 3036 iecerunt,
778 2962 843 3036 sed,
866 2961 941 3026 unde
955 2971 1119 3042 argumenta
1132 2965 1203 3024 sirmi

120 3048 245 3126 possunt
287 3044 331 3102 Ea
351 3063 433 3122 porro
450 3053 529 3121 sunt,
551 3047 658 3117 (lenum
678 3067 745 3108 nam
757 3049 856 3108 sirniles
868 3052 1029 3128 parentibus
1045 3069 1078 3110 ac
1091 3051 1205 3110 maiori-

80 3127 173 3190 albu
194 3129 249 3188 suis
267 3127 428 3206 plerumque
445 3132 608 3205 meduntam
636 3138 665 3192 at
690 3153 889 3211 nonnunquam
915 3138 953 3194 ad
976 3135 1094 3198 honeste
1115 3135 1204 3216 turpi·

6 3225 7 3228 ’
99 3211 101 3216 ’
122 3219 220 3292 terque
235 3215 392 3295 ¹uiuendum
417 3215 484 3276 inde
508 3235 607 3282 causac
626 3222 702 3278 suut:
731 3213 831 3289 Noton,-
858 3239 923 3281 nam
941 3229 971 3282 et
990 3222 1120 3300 gentibus
1137 3239 1204 3300 pro·
1361 3247 1362 3312 p

110 3299 285 3378 ,primores
307 3306 386 3373 sunt,
415 3319 468 3360 nec
493 3301 568 3365 idem
594 3304 624 3361 in
642 3303 782 3377 Barbaro,
810 3303 953 3381 Romano,
983 3307 1109 3382 Graeco,
1136 3319 1262 3385 pro-sm
1361 3323 1362 3338 ¹

40 3421 44 3430 ι
79 3382 221 3448 25babile
234 3391 290 3445 est:
320 3382 436 3456 Putriu3
463 3388 528 3464 quia
546 3387 668 3449 similiter
685 3389 769 3447 etiam
789 3391 928 3451 civitatum
945 3393 1038 3471 leges,
1066 3393 1202 3468 instituta,

111 3469 264 3546 'opiniones
289 3469 393 3548 habent
418 3471 619 3532 differentiam:
655 3471 761 3544 Sarum
793 3481 826 3534 ut
844 3475 1017 3538 latrocinium
1038 3478 1144 3538 facilius
1170 3478 1202 3536 iu

54 3579 58 3590 ·
119 3551 196 3624 viro,
209 3555 368 3614 veneficium
380 3557 409 3614 in
420 3556 524 3616 sennua
534 3559 643 3617 medas:
664 3557 764 3628 Aetam·
784 3561 849 3638 quia
859 3561 932 3621 aliud
945 3563 1004 3622 aliis
1018 3564 1098 3623 aunis
1111 3563 1201 3640 magis

62 3639 88 3680 -’
120 3635 259 3696 convenit:
282 3635 419 3700 Educatio
438 3644 467 3699 et
488 3641 647 3720 disciplina,
669 3645 800 3720 qnoniam
814 3649 910 3721 retert,
931 3649 1076 3728 aquibus,
1099 3653 1129 3708 et
1144 3667 1201 3726 qno

6 3775 7 3802 ,
75 3721 235 3798 26qnisque
248 3723 333 3781 modo
344 3724 382 3784 sit
394 3725 547 3786 institutus:
570 3722 691 3789 Habitus
703 3733 833 3808 emporia
854 3733 961 3792 ducitur
979 3735 1051 3794 entim
1069 3734 1201 3811 frequen·

6 3807 7 3856 l
89 3847 91 3853 r
118 3810 162 3864 tor
172 3807 201 3864 in
214 3813 422 3884 argumentum,
437 3813 542 3887 species
554 3813 687 3888 libidinis,
703 3817 787 3874 robur
797 3816 982 3894 petulantiae3
1006 3819 1048 3877 bis
1062 3818 1201 3880 contrarie

116 3887 150 3946 iu
159 3890 308 3950 diversum:
330 3891 466 3963 Futurum·
487 3915 579 3972 neque
598 3900 672 3956 euim
691 3900 765 3958 idem
785 3901 915 3962 credibile
934 3910 979 3963 est
999 3903 1029 3962 in
1044 3903 1144 3977 divite,
1165 3921 1199 3963 nc
1251 3946 1262 3968 .
1361 3955 1362 3962 ,

115 3989 253 4050 paupere3
272 3977 451 4054 propinquis,
472 3980 582 4054 amicis,
601 3981 743 4043 clientibus
763 3983 940 4060 mundante,
960 3995 989 4048 et
1007 3989 1050 4048 his
1070 3987 1198 4046 omnibus

116 4054 264 4119 destituto:
292 4059 456 4124 conditional
475 4065 559 4126 etiam
577 4067 709 4128 dutanfln
728 4076 784 4142 eat3
811 4084 876 4132 nem
895 4073 982 4135 clarus
1000 4091 1038 4134 an
1056 4070 1199 4146 obscurus,
1224 4109 1227 4116 ·
