2788 4452
25 143 177 255 ⁵--1s
266 227 269 238 .
327 125 359 194 '-
426 171 925 252 nrlnournrimsnr

76 347 194 408 tabat.
236 341 271 400 ld
280 339 492 400 nobisacriores
509 339 548 396 ad
563 338 657 399 studia
669 337 780 398 dceudi
791 339 876 398 sacco*
886 329 1058 412 subdidisse,
1081 357 1223 414 quamcr-

38 499 41 502 .
137 427 309 490 hortationes
329 425 501 496 docentium,
530 423 757 500 paedagogonun
776 423 945 495 custodiam,
979 417 1222 501 vota-parentum,
1296 451 1298 455 ·

38 559 44 571 .
95 527 130 582 26
138 519 272 593 quanttun
283 509 368 569 annii
379 510 432 568 mei
442 505 600 568 coniectura
610 507 739 582 colligere
748 525 874 590 possum,
892 508 1092 567 contenderim.
1114 509 1174 571 Sed
1183 512 1223 568 si·
1331 527 1337 537 ¹

51 643 55 656 ,
139 606 186 660 cut
199 590 333 656 finniores
345 595 374 652 in
386 594 474 653 literis
484 594 625 670 profectus
637 593 688 650 alit
699 589 861 663 aemulatio3
878 594 920 650 ita
930 593 1127 674 incipientibus
1139 601 1224 672 atque

139 685 229 745 adbuc
240 681 344 740 teneris
361 679 610 756 condiscipulorum
621 693 705 753 quarn
717 679 907 755 praeceptoris
917 677 1076 760 iucundior,
1097 667 1152 742 boc
1160 681 1239 757 ipso,

140 769 217 846 quod
226 765 345 838 facilior,
366 764 485 822 imitatio
498 769 550 822 est
585 763 640 820 Vix
650 762 722 821 enim
733 782 766 846 se
777 764 867 840 prima
880 762 1017 822 elementa
1029 765 1066 823 ad
1078 785 1159 842 spem
1171 764 1225 823 tol·

90 879 94 886 ·
139 855 198 913 lere
207 850 393 926 effingendae,
406 849 488 925 quam
499 866 633 914 struinam
642 854 755 925 putant,
772 847 946 924 eloquentiae
955 841 1110 908 audebunt:
1132 850 1226 927 proxi·
1259 924 1260 928 Ἰ
1281 850 1285 856 “

139 957 185 998 ma
197 935 398 1014 amplectuntur
409 934 509 1008 aragia,
531 938 563 990 ut
571 933 643 992 vites
655 933 799 992 arboribus
811 933 969 1010 applicitae,
991 933 1135 1014 utsaiores
1146 935 1225 1011 priua

78 1028 83 1038 “
97 1011 375 1102 &apprehendendo
386 1037 488 1090 rainos,
501 1018 530 1074 in
541 1018 679 1076 cacumina
692 1018 821 1076 evadimt.
839 1017 924 1085 Quod
936 1019 1008 1076 adeo
1020 1039 1114 1096 venum
1123 1025 1177 1091 est,
1191 1025 1226 1079 ut

116 1139 120 1145 -
140 1109 227 1185 ipsius
239 1107 323 1165 etiam
335 1104 478 1179 magistri,
505 1103 530 1170 si
543 1107 638 1160 tanuen
650 1102 805 1160 ambitiosis
817 1102 895 1160 utilia
907 1103 1064 1181 praeferet,
1090 1104 1225 1182 hocopus

140 1195 193 1265 sit,
215 1211 277 1250 omn
289 1190 378 1248 adhuc
389 1188 469 1246 rudia
479 1188 610 1245 tractabit
621 1188 750 1263 ingenia,
772 1207 830 1245 non
844 1189 942 1246 stetim
958 1189 1227 1248 onerareiniirrnita-¹
1309 1237 1322 1252 ,

24 1285 30 1293 ’
141 1285 198 1336 tem
209 1276 389 1346 discentium,
412 1275 464 1332 sed
475 1279 633 1350 temperare
649 1274 721 1332 vires
733 1292 813 1346 suas,
836 1277 866 1330 et
882 1275 919 1331 ad
930 1272 1100 1332 intellectum
1112 1274 1227 1332 audien·
1259 1284 1262 1294 '
1282 1271 1288 1278 '

98 1369 132 1423 28
141 1361 368 1422 tisdescendere.
411 1358 485 1417 Nam
498 1363 530 1415 ut
544 1357 652 1416 raama
664 1358 721 1417 cris
734 1358 847 1434 angusti
859 1359 1036 1435 superfusam
1044 1359 1165 1416 hannonis
1178 1377 1226 1416 co·
1323 1404 1326 1408 ,

80 1447 86 1457 '
141 1449 215 1528 piam
228 1450 376 1524 respuunt3
398 1445 500 1502 sensim
519 1448 613 1502 autern
631 1443 809 1502 influentibus
825 1442 870 1502 vel
886 1443 1131 1504 etiaminstillatis
1149 1463 1225 1502 com·
1315 1489 1320 1498 .

142 1533 268 1612 plentur:
295 1531 334 1592 sic
352 1529 436 1588 animi
454 1523 604 1607 puerorum¹
618 1535 752 1604 quantun
775 1529 901 1606 excipere
924 1531 1054 1607 possint,¹
1078 1529 1227 1588 videndum

129 1624 195 1676 .est.
238 1615 314 1674 Nam
326 1614 598 1686 maioraiutellectu,
621 1613 696 1671 velut
712 1633 810 1690 parum
822 1619 935 1690 sputos
951 1605 990 1670 acl
1008 1615 1266 1691 percipiendumtt
1333 1677 1335 1680 ¹

102 1709 134 1763 29
143 1703 249 1761 animos
262 1721 320 1758 nou
331 1700 471 1757 subibmrt
515 1697 593 1756 Utile
607 1698 693 1772 im’tur
705 1697 879 1770 esthabere,
903 1698 1087 1773 quosimitari
1097 1701 1224 1777 priunum,
1308 1743 1310 1750 .

26 1835 34 1848 .
143 1807 207 1846 mox
216 1788 324 1858 uincere
334 1784 414 1842 velit:
437 1783 478 1840 ita
489 1781 621 1860 paulatim
633 1787 663 1840 et
675 1783 847 1859 superiorum
865 1802 932 1860 spes
946 1783 1007 1841 erit
1050 1783 1104 1841 His
1115 1785 1226 1856 adiicio,

78 1937 83 1948 ¹
120 1876 338 1951 ¹praeceptores
351 1870 428 1946 ipsos
439 1887 497 1926 non
508 1867 582 1926 idem
594 1868 742 1926 mentisac
756 1868 872 1946 spiritus
893 1869 922 1926 in
936 1869 1053 1926 diceudo
1063 1865 1151 1946 posse
1163 1888 1228 1931 oon-
1305 1871 1311 1882 '

14 1948 24 2024 J
109 1977 113 1988 ’
145 1959 237 2034 cipere
249 1954 364 2032 siugulis
377 1959 485 2012 tantmu
495 1954 705 2031 praesentibus,
728 1954 804 2030 quod
820 1951 867 2010 illa
884 1953 1046 2012 celebritate
1056 1955 1229 2012 audientium

72 2035 75 2042 ’
103 2042 301 2105 ὃοίηετίιιεῒοε.
329 2040 452 2098 Manuos
461 2041 534 2098 enim
544 2059 610 2116 pers
621 2037 797 2114 eloquentiae
807 2044 918 2096 censat
930 2039 1032 2114 animo.
1052 2038 1135 2096 Home
1144 2037 1228 2109 affici,
1297 2105 1299 2110 ¹

146 2129 217 2188 hunc
229 2127 375 2206 concipere
385 2127 521 2203 imagines
534 2145 640 2198 rerum,
663 2131 693 2184 et
704 2125 896 2183 transformari
912 2123 1117 2200 quodammodo
1129 2125 1166 2181 ad
1178 2141 1229 2180 ua-

123 2231 128 2242 ·
147 2221 239 2271 turam
252 2233 360 2284 eorum,
385 2213 421 2272 de
435 2213 533 2287 qmbus
547 2210 698 2287 loquimur,
721 2230 836 2284 uecoese
849 2217 902 2269 cst.
946 2209 974 2268 ls
986 2201 1088 2292 porro,
1111 2229 1166 2286 quo
1180 2228 1230 2284 ge

148 2299 275 2356 netosior
299 2296 452 2369 celsiorque
471 2295 542 2365 est,¹
554 2295 606 2352 boc
624 2297 773 2352 maioribus
797 2295 874 2354 velut
893 2297 1006 2370 organis
1030 2301 1230 2365 commovetur3

79 2421 85 2430 ·
149 2383 267 2455 ideoque
280 2386 309 2436 ct
321 2379 402 2436 laude
414 2379 527 2449 crescit,
550 2383 579 2435 et
591 2379 698 2454 impetu
710 2385 843 2453 augetur,
866 2386 895 2438 et
905 2380 1009 2454 aliquid
1021 2399 1152 2455 magnum
1164 2399 1231 2455 ege·

107 2477 140 2530 31
151 2485 180 2524 re
194 2465 305 2540 gaudet.
334 2463 388 2519 Est
401 2463 536 2537 quaedam
548 2463 634 2520 tacita
644 2463 822 2537 dedignatio,
839 2463 899 2520 'vim
913 2464 1037 2534 dicendi,
1060 2461 1146 2522 tantis
1156 2485 1231 2524 eorn-

53 2557 58 2579 '
151 2555 275 2628 paratam
291 2548 448 2619 laboribus,
471 2548 510 2606 ad·
523 2567 607 2604 trnmu
622 2545 951 2606 auditorem'demittere:
972 2549 1061 2625 pudet
1078 2569 1162 2625 supra
1171 2569 1231 2608 rno-

151 2635 217 2692 dum
228 2634 362 2692 sermonis
375 2631 476 2690 attolli,
515 2630 555 2689 Et
574 2651 642 2691 sane
658 2631 795 2710 concipiat
808 2632 869 2708 quis
886 2637 980 2690 mente
990 2631 1035 2690 vel
1051 2627 1231 2712 declamantis

151 2719 288 2791 habitum,
308 2717 353 2778 vel
363 2718 469 2782 orantis
479 2735 592 2791 vocem,
612 2719 763 2790 incessum,
776 2719 1048 2796 pronunciationem,
1068 2717 1142 2776 illmn
1154 2719 1231 2777 derri-
1282 2717 1289 2728 '
1322 2743 1329 2754 ·

123 2807 128 2814 '
151 2823 205 2879 que
218 2804 301 2861 animi
314 2810 344 2862 et
356 2805 480 2882 corporis
489 2811 609 2878 motum,
632 2805 777 2876 sudorem,
800 2811 831 2864 ut
847 2803 901 2864 alia
910 2809 1097 2884 praeteream,
1121 2811 1151 2864 et
1168 2805 1231 2864 lati-

152 2989 374 3056 odreprllesdom
386 2989 443 3058 iga.
456 2987 527 3056 qnod
538 2986 633 3069 Sarpio
646 2987 720 3041 Auel.
735 2989 817 3056 pff&
835 3003 874 3055 sq.
893 2985 999 3055 placuit.
1034 2989 1070 3040 st
1087 2988 1171 3042 victas
1186 2989 1232 3043 ha-

149 3058 198 3110 bet
209 3056 373 3125 ignominiam
390 3062 460 3110 certe
476 3074 522 3126 per
536 3057 645 3126 triginta
657 3055 728 3120 dies,
753 3057 846 3124 quibus
862 3055 940 3119 licet,
962 3055 985 3108 si
1000 3063 1102 3126 potest,
1118 3075 1176 3112 earu
1190 3060 1233 3114 de·

153 3126 264 3198 pollere,
289 3141 339 3180 non
352 3124 412 3180 itera
423 3139 495 3189 ran,
520 3123 564 3194 qui
577 3124 680 3192 repellit
695 3126 799 3178 crimen.
817 3125 863 3188 lv,
880 3126 907 3186 2,
925 3127 968 3179 26.

222 3193 557 3266 saepememoratus]
583 3193 646 3246 Cum
668 3193 759 3264 Spald.
774 3193 861 3246 Prael.
883 3193 915 3246 ad
936 3201 995 3246 torn.
1015 3193 1036 3246 l.
1062 3212 1087 3264 p.
1111 3195 1232 3250 LXXlll.
1324 3225 1336 3246 .

155 3263 307 3318 coniecisset
326 3264 488 3318 scribendum
509 3281 581 3328 csse,
605 3261 672 3330 quod
692 3263 855 3326 Lanemanno
875 3263 1012 3332 probator,
1033 3267 1120 3332 prima
1137 3269 1232 3319 omota-

59 3377 62 3384 .
154 3342 256 3395 monto,
274 3347 340 3404 qnae
363 3333 483 3386 dicuntur
499 3349 547 3400 pro
565 3331 726 3401 profectibus
745 3333 833 3414 nte,
852 3333 878 3385 7.
896 3337 925 3383 et
940 3331 1046 3387 Rcbslr.
1067 3336 1100 3386 ad
1113 3336 1178 3418 Vell.
1197 3335 1232 3399 ll,

155 3403 478 3558 Zssalffflllmflilrlt
491 3401 1233 3556 ttdett,‚lssfttttttttttttetttt

28 3667 31 3674 ,
100 3657 121 3681 ,-
151 3541 1137 3680 tttttttttttltttltt5¹¹till11¹’tlltttt‘ttttt
1140 3543 1234 3680 ’2ὶέἓέ

140 3677 243 3730 studia
256 3677 286 3744 (i.
303 3696 327 3730 e.
340 3679 463 3747 studiosi)
478 3697 555 3748 mom
567 3697 612 3747 spe
624 3682 759 3750 gaudent,
784 3688 813 3733 ut
826 3679 889 3732 ibid.
904 3681 922 3744 5
934 3681 959 3734 9.
975 3680 1180 3748 metuitur-pro
1192 3681 1252 3752 iis„

154 3746 199 3816 qui
212 3745 245 3798 ad
263 3747 435 3802 maturitatem
451 3759 645 3818 pervenerunt.-

224 3819 240 3881 §
254 3818 297 3871 29.
310 3818 411 3870 aiacem
423 3817 505 3884 uelit]
522 3819 590 3887 quod
605 3834 651 3886 pro
665 3817 736 3884 vulg.
750 3818 852 3869 sinum
862 3817 927 3870 cetis
936 3815 1094 3870 Gebbacdas
1105 3833 1161 3872 cum
1168 3818 1234 3872 (iod.

94 3893 97 3900 “
156 3885 222 3939 illm.
237 3885 311 3939 llodl.
324 3885 408 3951 Goth.
421 3888 462 3941 ed.
478 3887 543 3940 Ven.
558 3886 633 3954 (add.
646 3885 702 3938 ΚΒ.
717 3887 802 3938 eodo.
826 3887 849 3938 1.
862 3888 888 3940 2.
902 3891 930 3936 et
950 3885 992 3937 ed.
1005 3885 1111 3955 camp.)
1129 3886 1235 3941 restitui

155 3955 248 4018 voluit,
270 3955 396 4026 Spalding
415 3973 477 4009 vera
493 3973 542 4009 non
561 3971 640 4008 ausus
654 3963 695 4007 est
711 3955 805 4018 edere,
830 3962 948 4008 monente
961 3953 1038 4007 etiarn
1054 3955 1103 4010 Sar
1123 3957 1149 4010 lo
1162 3956 1236 4010 And.

156 4038 181 4090 p.
201 4024 243 4076 26.
263 4025 357 4094 recepi.
393 4025 461 4079 Nem
477 4029 542 4094 pc'st
558 4025 735 4092 interpositam
755 4023 969 4094 comparationem
995 4031 1050 4078 toto
1069 4029 1092 4092 S.
1142 4041 1235 4078 .nuno
1301 4031 1306 4036 '

154 4089 234 4144 rediit
247 4094 337 4156 Quint.
350 4094 383 4149 ad
396 4113 522 4166 poemat,
546 4109 620 4165 quem
632 4097 649 4161 s
661 4096 705 4150 2⁷.
720 4096 867 4148 audientest
880 4093 991 4152 dixerat.
