2738 4442
411 133 526 222 unsa.
548 111 754 198 ouaroa
776 137 862 236 nm.
884 139 920 216 ν,
938 142 993 236 ⁸13.
1177 141 1241 208 aar
1339 143 1340 146 ‘

158 292 202 352 his
214 293 391 364 morandum,
413 297 442 350 et
456 291 636 366 minusesse,
658 309 744 368 qnam
759 283 931 352 adversarius
951 277 1147 370 dicitr'tamen
1165 294 1242 354 velut
1282 345 1285 352 .
1337 311 1365 364 9

123 379 125 384 '
159 378 223 436 huic
237 377 405 437 'simulationi
424 363 568 458 oblivionis
589 377 739 454 ignoscam.
782 377 876 442 Debet
894 379 968 437 enim
985 374 1080 437 bonus
1093 378 1241 446 advocatus

151 483 211 541 .pro
225 464 265 522 rei
279 463 366 520 salute
380 462 490 520 brevem
503 457 691 536 negligentiae
705 462 946 540 reprehensionem
967 481 1025 522 non
1038 465 1240 542 pertimescere.

243 547 402 606 Videndum
416 547 514 624 etiam,
535 546 614 603 simul
631 547 709 606 nobis
727 546 807 624 plura
819 550 1010 624 aggredienda
1021 551 1091 621 sint,
1112 569 1149 607 an
1164 563 1281 616 amo-11
1338 579 1341 583 ¹
1364 611 1365 620 ,

75 688 82 704 Ι,
137 633 139 637 ’
158 630 253 691 lienda
271 631 387 707 singula.
403 693 406 697 ,
430 630 515 689 Plura
526 630 606 690 simul
619 631 790 704 invadimus,
813 633 837 690 si
850 639 899 695 ant
912 638 970 692 tam
983 634 1091 692 infirma
1105 641 1185 709 sunt,
1209 642 1241 693 ut

158 718 263 794 pariter
280 715 384 794 impelli
400 716 524 794 possint:
553 722 603 774 aut
625 721 683 774 tam
702 707 835 794 molesta,
864 726 896 776 nt
914 719 1015 796 pedem
1034 722 1160 778 conferre
1180 739 1241 778 curn

158 801 274 877 singulis
296 820 355 859 non
372 801 515 878 expediat:
537 805 596 860 tum
619 801 691 860 enirn
711 806 774 859 toto
795 821 911 880 corpure
921 804 1124 884 obnitendum,
1146 811 1191 879 et,
1210 813 1241 863 ut
1300 816 1308 829 ⁴

98 903 147 947 tas
159 887 198 944 sic
211 887 340 957 dixerim,
363 887 467 944 directa
479 887 571 944 fronte
583 887 764 964 pugnandum
776 893 827 945 est.
866 887 999 962 interim,
1021 889 1043 946 si
1057 889 1193 948 resolvere
1208 905 1283 959 ex12

157 977 238 1051 parte
253 973 361 1030 diversa
376 971 451 1052 <fieta
464 969 600 1028 difficilius
614 971 681 1044 erit,
703 977 798 1029 nostra
812 979 977 1048 argumenta
995 993 1056 1032 cum
1071 975 1242 1032 adversario-

72 1081 77 1091 ¹
156 1076 219 1114 rum
237 1057 407 1132 argumentis
428 1057 615 1128 conferemus3
637 1057 776 1130 simodo,
796 1057 865 1116 haec
877 1065 908 1116 ut
919 1059 1071 1117 valentiora
1084 1059 1241 1132 videantur,

148 1140 229 1201 effici
241 1143 353 1220 poterit
383 1140 463 1208 Quae
477 1160 542 1199 vero
553 1143 635 1200 turba
648 1139 794 1216 valebunt,
816 1142 974 1202 diducenda
985 1149 1082 1202 erunt:
1103 1149 1144 1216 nt,
1166 1137 1242 1220 quod

155 1225 238 1305 paulo
250 1233 314 1286 ante
329 1225 401 1299 dixi,
423 1225 508 1284 Heres
519 1245 594 1303 erus,
615 1231 640 1284 et
654 1245 774 1304 pauper,
793 1232 818 1285 et
831 1246 930 1304 magua
938 1232 1053 1306 pecunia
1064 1224 1242 1306 appellabcin's
1318 1239 1323 1250 ⁸

155 1311 376 1382 artedunum,
397 1316 423 1367 et
442 1310 604 1386 offenderas,
627 1317 652 1368 et
664 1317 829 1371 mutaturum
848 1313 956 1371 tabulas
969 1316 1120 1372 testamenti
1130 1315 1241 1372 sciebas.
1308 1351 1311 1356 ·

154 1396 268 1472 Urgent
279 1393 413 1464 universa.
455 1395 510 1468 At,
533 1397 556 1453 si
569 1395 677 1472 singula
691 1394 819 1472 quaeq'ue
830 1388 1078 1471 dissolveris‚'ium
1097 1399 1144 1458 illa
1162 1402 1284 1462 flam-'13

153 1500 214 1554 ma,
242 1501 314 1557 qnae
335 1499 438 1556 magna
458 1481 595 1556 congerie·
606 1474 797 1555 convaluerat,
825 1483 961 1556 ‹liductis‚
985 1483 1084 1560 quibus
1107 1482 1241 1554 alebatur,

112 1638 116 1644 ‚
153 1567 294 1627 concidet:
322 1571 370 1640 ut,
391 1565 414 1622 si
437 1565 481 1624 vel
501 1567 620 1624 maxima
639 1566 754 1623 flumina
771 1568 800 1623 in
822 1568 897 1626 rivos
920 1569 1097 1638 diducuntur,
1120 1568 1242 1644 qualibet

83 1693 86 1698 -
152 1653 296 1710 transitum
309 1651 452 1729 praebent.
494 1651 595 1726 ltaque
611 1651 764 1729 propositio
779 1669 891 1727 quoque
905 1653 1056 1711 seeundum
1076 1652 1148 1711 lrauc
1166 1651 1242 1710 utili-

34 1793 37 1800 ,
152 1742 238 1798 tatem
250 1735 518 1809 accommodabitur,
539 1741 572 1792 ut
593 1755 665 1795 nunc
684 1737 794 1812 singula
815 1737 1010 1811 ostendamus,
1032 1757 1106 1796 nunc
1120 1735 1242 1814 comple·
1320 1811 1323 1816 Ι

152 1828 259 1881 ctamur
279 1823 425 1882 universa.
458 1819 532 1880 Nam
554 1822 664 1888 interim
687 1823 764 1900 quod
782 1819 906 1900 pluribus
927 1823 1037 1900 collegit
1057 1823 1240 1896 adversarius,
1250 1830 1282 1887 14

152 1908 220 1966 satis
238 1913 282 1966 est
302 1905 387 1966 semel
405 1925 575 1984 proponere:
596 1913 645 1981 ut,
667 1908 691 1965 si
712 1907 819 1965 multas·
829 1926 925 1967 causas
941 1900 1078 1977 faciendi,
1100 1908 1177 1983 quod
1195 1925 1241 1966 ar-

95 2003 100 2016 *
151 1993 229 2070 gunt,
250 2011 299 2051 reo
319 1993 393 2050 dicet
412 1996 556 2050 aecusator
571 1993 670 2050 fuisse:
691 2011 760 2064 nos,
783 2009 840 2048 non
855 1995 1025 2052 enumeratis
1041 1993 1172 2066 singulis,
1195 2012 1240 2050 se-

148 2077 206 2148 'mel
223 2077 277 2135 hoc
293 2076 458 2134 intuendmn
481 2095 627 2150 negemus,
643 2076 719 2154 ¹qnia
735 2093 808 2149 non,
840 2077 962 2154 quisquis
988 2094 1103 2154 causam,
1119 2077 1239 2134 faciendi

5 2181 11 2194 ⁴
41 2207 45 2216 .
151 2162 260 2226 sceleris
280 2161 392 2237 habuit,
413 2166 442 2218 et
461 2161 567 2230 fecerit
611 2161 729 2238 Saepius
746 2165 842 2218 tamen
858 2161 1012 2232 accusatori¹
1028 2169 1180 2236 congerere
1194 2172 1281 2226 ar-15

150 2251 301 2326 gumenta,
322 2263 369 2304 reo
384 2243 533 2304 dissolvere
547 2247 685 2322 expediet
750 2243 752 2254 '

83 2399 91 2414 κ
234 2329 269 2390 Id
290 2335 396 2402 autem,
416 2330 493 2406 quod
510 2331 562 2390 erit
582 2331 618 2388 ab
632 2331 932 2406 adversario‘dietum,
964 2331 1105 2407 quomodo
1123 2330 1239 2390 refutari

150 2417 267 2490 debeat,
287 2416 452 2477 intuendum
470 2420 521 2474 est.
564 2413 655 2490 Nam,
677 2417 702 2475 si
724 2418 777 2476 erit
792 2417 886 2495 pelam
904 2415 1016 2488 falsum,
1044 2435 1149 2492 negare
1172 2417 1238 2475 satis

150 2509 206 2562 est:
236 2507 268 2562 ut
286 2521 339 2580 pro
360 2491 490 2560 Cluentio
510 2501 626 2576 Cicero,
655 2523 734 2575 eum,
759 2523 843 2579 quern
864 2503 971 2562 (inerat
991 2507 1131 2576 accusator
1153 2507 1237 2578 epoto

148 2587 249 2668 poculo
263 2587 431 2659 concidisse,
451 2591 539 2660 negat
557 2588 656 2645 eodem
671 2588 717 2644 die
729 2592 875 2644 mortuum.
918 2584 1015 2643 Palam
1028 2586 1110 2644 etiam
1122 2591 1236 2643 contra·
1245 2599 1278 2650 16

93 2674 209 2744 torna,
230 2677 259 2730 et
274 2687 457 2747 supervacua,
478 2676 508 2728 et
525 2670 612 2730 stulta
631 2671 849 2748 reprehendere,
870 2669 970 2728 nullius
990 2675 1035 2727 est
1056 2671 1135 2728 artis:
1157 2665 1236 2727 ideoss
1286 2671 1289 2683 '
1364 2675 1365 2678 ’

46 2767 48 2774 ’
150 2775 206 2834 que
224 2775 276 2814 nec
293 2753 414 2814 rationes
433 2773 547 2827 eornm,
567 2773 619 2813 nec
635 2755 759 2833 exempla
774 2756 885 2814 tradere
899 2767 1012 2814 necesse
1024 2759 1074 2812 est.
1116 2752 1150 2811 ld
1165 2773 1235 2828 qno-

149 2861 204 2920 que
223 2838 375 2914 (obscurum
386 2839 515 2916 vocant),
536 2840 613 2915 quod
634 2847 758 2912 secreto,
779 2845 808 2899 et
829 2842 889 2900 sine
908 2844 980 2898 teste
999 2844 1049 2896 aut
1068 2842 1233 2914 argomento

150 2927 249 2984 dicitur
269 2927 386 2995 factum,
416 2925 485 2982 satis
502 2931 601 2982 natura
619 2944 669 2984 sua
687 2925 824 2984 infirmum
842 2931 886 2984 est
905 2921 1022 3000 (sufficit
1042 2923 1128 2995 enirn,
1158 2922 1247 3003 quod

149 3011 322 3072 aduersarius
335 3027 392 3068 nou
404 3009 535 3087 probat);
556 3011 640 3083 item,
659 3009 685 3068 si
701 3011 738 3068 ad
759 3029 870 3070 causam
882 3029 939 3068 non
952 3009 1081 3086 pertinet.
1124 3007 1179 3065 Est
1190 3008 1274 3073 ta-1'7
1308 3065 1316 3074 ,

149 3116 214 3157 men
232 3095 348 3160 oraturis
367 3094 476 3154 interim
496 3093 622 3167 allicere,
651 3097 770 3172 utquid
791 3103 839 3154 aut
856 3095 1022 3153 eontrarium
1041 3091 1119 3166 e‘sse,
1148 3099 1231 3150 autu

150 3199 234 3239 causa
246 3181 396 3256 diversum,
417 3185 467 3238 aut
486 3180 667 3253 incredibile,
680 3186 728 3246 aut
747 3199 960 3257 supervacuum,
981 3184 1029 3235 aut
1045 3183 1159 3237 nostrae
1178 3197 1231 3253 po-

82 3323 88 3338 ,
149 3267 204 3324 tius
217 3284 315 3326 causae
325 3265 452 3324 videatur
465 3285 528 3326 esse
540 3267 724 3324 coniunctum.
768 3267 903 3334 obiicitur
914 3264 1016 3340 Oppio,
1038 3261 1107 3338 quod
1126 3260 1158 3317 de
1178 3263 1230 3330 uu}

148 3349 228 3410 litum
240 3350 351 3408 er'lrurir'r
362 3349 523 3422 dcawerit:
544 3368 672 3428 asperum
685 3351 801 3427 crimepr
821 3351 871 3408 sed
883 3349 913 3406 id
925 3347 1093 3405 contrarium
1106 3345 1230 3416 ostendit

149 3437 261 3510 Cicero,
290 3436 356 3511 quia
373 3434 456 3494 iidem
478 3441 650 3501 accusatores
672 3435 823 3496 obiecerint
834 3433 942 3512 Oppio,
972 3431 1049 3508 quod
1068 3431 1093 3488 is
1112 3429 1230 3488 voluerit
1252 3489 1257 3494 ,

147 3521 295 3582 exercitum
314 3519 459 3596 largiendo
477 3537 659 3598 eorrumpere.
703 3518 794 3578 Testes
808 3521 837 3577 iu
853 3516 1001 3584 cantellum
1015 3520 1156 3574 accurator
1167 3514 1270 3582 lectr'18

148 3625 167 3666 a
186 3607 290 3666 rutum
303 3597 410 3664 ¹codicis
424 3604 581 3682 pollicetur:
602 3607 667 3664 facit
682 3603 736 3663 hoc
747 3605 847 3665 Cicero
856 3601 1071 3681 superuacuum,
1093 3601 1158 3676 qnia
1169 3603 1228 3678 ipse
1267 3613 1269 3622 ¹

148 3691 275 3752 fateatur.
318 3689 394 3750 Petit
420 3693 614 3750 accusationem
635 3695 666 3750 iu
690 3690 791 3748 Verrem
815 3687 851 3754 Q.
874 3685 1019 3758 Caecilius,
1047 3685 1117 3763 quod
1130 3685 1228 3762 fuerat

148 3773 361 3854 praestaretur:
393 3778 482 3857 ipsum
499 3774 598 3834 Cicero
619 3783 651 3834 nt
673 3795 724 3852 pro
746 3794 776 3833 se
794 3774 949 3844 rideretur,
970 3771 1070 3830 effecit.
1114 3769 1227 3840 Cetera,

88 3853 95 3864 “
148 3879 221 3938 quae
236 3871 440 3938 proponuntur,
462 3861 613 3922 communis
634 3861 706 3920 ratio
724 3859 817 3921 habet.
859 3857 917 3918 aut
930 3857 1003 3919 enim
1019 3857 1168 3915 coniectura
1181 3871 1226 3910 ex·
1236 3865 1268 3918 19

216 4046 234 4111 S
241 4042 283 4100 15.
300 4059 349 4130 pru
364 4043 498 4112 Charin]
526 4062 549 4098 c.
565 4042 608 4100 60.
719 4109 725 4116 ,
